<?xml version="1.0" encoding="UTF-8"?>
<collection xmlns="http://www.loc.gov/MARC21/slim">
   <record>
      <leader>00000nz  a2200000nc 4500</leader>
      <controlfield tag="001">institutions/51007866</controlfield>
      <controlfield tag="003">DE-633</controlfield>
      <controlfield tag="005">20250620052318.0</controlfield>
      <controlfield tag="008">240408||||z|||a|||||||||||||||||n||||||d</controlfield>
      <datafield tag="024" ind1="7" ind2=" ">
         <subfield code="a">Q107183268</subfield>
         <subfield code="2">WKP</subfield>
      </datafield>
      <datafield tag="024" ind1="7" ind2=" ">
         <subfield code="a">US-AAbb</subfield>
         <subfield code="q">siglum</subfield>
         <subfield code="2">rism</subfield>
      </datafield>
      <datafield tag="034" ind1="1" ind2=" ">
         <subfield code="d">-83.74707983239195</subfield>
         <subfield code="f">42.27085039142144</subfield>
      </datafield>
      <datafield tag="040" ind1=" " ind2=" ">
         <subfield code="a">DE-633</subfield>
         <subfield code="c">DE-633</subfield>
         <subfield code="e">rismg</subfield>
      </datafield>
      <datafield tag="043" ind1=" " ind2=" ">
         <subfield code="c">XD-US</subfield>
      </datafield>
      <datafield tag="110" ind1="1" ind2=" ">
         <subfield code="a">University of Michigan Library, Buhr Building</subfield>
         <subfield code="c">Ann Arbor, MI</subfield>
         <subfield code="g">US-AAbb</subfield>
      </datafield>
      <datafield tag="368" ind1=" " ind2=" ">
         <subfield code="a">Institution</subfield>
         <subfield code="a">Library</subfield>
      </datafield>
      <datafield tag="371" ind1=" " ind2=" ">
         <subfield code="a">837 Greene St</subfield>
         <subfield code="b">Ann Arbor, MI 48104-3209</subfield>
         <subfield code="c">Michigan</subfield>
         <subfield code="d">USA</subfield>
         <subfield code="m">buhr.shelving.facility@umich.edu</subfield>
         <subfield code="u">https://www.lib.umich.edu/locations-and-hours/buhr-building</subfield>
         <subfield code="z">tel: +1 / 734-763-9089</subfield>
      </datafield>
      <datafield tag="551" ind1="1" ind2=" ">
         <subfield code="a">Ann Arbor, MI</subfield>
         <subfield code="0">places/3903383</subfield>
      </datafield>
      <datafield tag="680" ind1="1" ind2=" ">
         <subfield code="a">Access by appointment only.</subfield>
      </datafield>
      <datafield tag="856" ind1="1" ind2=" ">
         <subfield code="u">https://search.lib.umich.edu/catalog</subfield>
         <subfield code="z">Link to the online catalog.</subfield>
      </datafield>
   </record>