
   <record>
      <leader>00000nz  a2200000nc 4500</leader>
      <controlfield tag="001">institutions/51001815</controlfield>
      <controlfield tag="003">DE-633</controlfield>
      <controlfield tag="005">20250620052241.0</controlfield>
      <controlfield tag="008">180903||||z|||a|||||||||||||||||n||||||d</controlfield>
      <datafield tag="024" ind1="7" ind2=" ">
         <subfield code="a">143034428</subfield>
         <subfield code="2">VIAF</subfield>
      </datafield>
      <datafield tag="024" ind1="7" ind2=" ">
         <subfield code="a">US-AAhgl</subfield>
         <subfield code="q">siglum</subfield>
         <subfield code="2">rism</subfield>
      </datafield>
      <datafield tag="034" ind1="1" ind2=" ">
         <subfield code="d">-83.738217</subfield>
         <subfield code="f">42.276358</subfield>
      </datafield>
      <datafield tag="040" ind1=" " ind2=" ">
         <subfield code="a">DE-633</subfield>
         <subfield code="c">DE-633</subfield>
         <subfield code="e">rismg</subfield>
      </datafield>
      <datafield tag="043" ind1=" " ind2=" ">
         <subfield code="c">XD-US</subfield>
      </datafield>
      <datafield tag="110" ind1="1" ind2=" ">
         <subfield code="a">University of Michigan, Harlan Hatcher Graduate Library</subfield>
         <subfield code="c">Ann Arbor, MI</subfield>
         <subfield code="g">US-AAhgl</subfield>
      </datafield>
      <datafield tag="368" ind1=" " ind2=" ">
         <subfield code="a">Institution</subfield>
         <subfield code="a">Library</subfield>
      </datafield>
      <datafield tag="371" ind1=" " ind2=" ">
         <subfield code="a">913 S. University Avenue</subfield>
         <subfield code="b">Ann Arbor, MI 48109-1190</subfield>
         <subfield code="c">Michigan</subfield>
         <subfield code="d">USA</subfield>
         <subfield code="u">https://www.lib.umich.edu/hatcher-graduate-library</subfield>
         <subfield code="z">tel: +1 / (734) / 764-0400</subfield>
         <subfield code="z">fax: +1 / (734) / 647-9557</subfield>
      </datafield>
      <datafield tag="551" ind1="1" ind2=" ">
         <subfield code="a">Ann Arbor, MI</subfield>
         <subfield code="0">places/3903383</subfield>
      </datafield>
   </record>