
   <record>
      <leader>00000nz  a2200000nc 4500</leader>
      <controlfield tag="001">institutions/30004187</controlfield>
      <controlfield tag="003">DE-633</controlfield>
      <controlfield tag="005">20250620052028.0</controlfield>
      <controlfield tag="008">161109||||z|||a|||||||||||||||||n||||||d</controlfield>
      <datafield tag="024" ind1="7" ind2=" ">
         <subfield code="a">123506152</subfield>
         <subfield code="2">VIAF</subfield>
      </datafield>
      <datafield tag="024" ind1="7" ind2=" ">
         <subfield code="a">Q90580354</subfield>
         <subfield code="2">WKP</subfield>
      </datafield>
      <datafield tag="024" ind1="7" ind2=" ">
         <subfield code="a">US-ANCu</subfield>
         <subfield code="q">siglum</subfield>
         <subfield code="2">rism</subfield>
      </datafield>
      <datafield tag="034" ind1="1" ind2=" ">
         <subfield code="d">-149.81808956020737</subfield>
         <subfield code="f">61.19079207557109</subfield>
      </datafield>
      <datafield tag="040" ind1=" " ind2=" ">
         <subfield code="a">DE-633</subfield>
         <subfield code="c">DE-633</subfield>
         <subfield code="e">rismg</subfield>
      </datafield>
      <datafield tag="043" ind1=" " ind2=" ">
         <subfield code="c">XD-US</subfield>
      </datafield>
      <datafield tag="110" ind1="1" ind2=" ">
         <subfield code="a">University of Alaska Anchorage, Consortium Library, Archives and Special Collections</subfield>
         <subfield code="c">Anchorage, AK</subfield>
         <subfield code="g">US-ANCu</subfield>
      </datafield>
      <datafield tag="368" ind1=" " ind2=" ">
         <subfield code="a">Institution</subfield>
         <subfield code="a">Library</subfield>
      </datafield>
      <datafield tag="371" ind1=" " ind2=" ">
         <subfield code="a">UAA/APU Consortium Library, Suite 305</subfield>
         <subfield code="a">3211 Providence Drive</subfield>
         <subfield code="b">Anchorage</subfield>
         <subfield code="c">Alaska</subfield>
         <subfield code="d">USA</subfield>
         <subfield code="e">AK 99508</subfield>
         <subfield code="u">https://archives.consortiumlibrary.org/</subfield>
         <subfield code="z">tel: +1 / 907-786-1849</subfield>
      </datafield>
      <datafield tag="410" ind1=" " ind2=" ">
         <subfield code="a">University of Alaska Anchorage, University Library, Special Collections, Music Collection</subfield>
      </datafield>
      <datafield tag="551" ind1="1" ind2=" ">
         <subfield code="a">Anchorage, AK</subfield>
         <subfield code="0">places/3904107</subfield>
      </datafield>
   </record>