
   <record>
      <leader>00000nz  a2200000nc 4500</leader>
      <controlfield tag="001">institutions/51008271</controlfield>
      <controlfield tag="003">DE-633</controlfield>
      <controlfield tag="005">20250620052321.0</controlfield>
      <controlfield tag="008">241001||||z|||a|||||||||||||||||n||||||d</controlfield>
      <datafield tag="024" ind1="7" ind2=" ">
         <subfield code="a">US-ASHrmc</subfield>
         <subfield code="q">siglum</subfield>
         <subfield code="2">rism</subfield>
      </datafield>
      <datafield tag="034" ind1="1" ind2=" ">
         <subfield code="d">-77.47696125104432</subfield>
         <subfield code="f">37.762121017364535</subfield>
      </datafield>
      <datafield tag="040" ind1=" " ind2=" ">
         <subfield code="a">DE-633</subfield>
         <subfield code="c">DE-633</subfield>
         <subfield code="e">rismg</subfield>
      </datafield>
      <datafield tag="043" ind1=" " ind2=" ">
         <subfield code="c">XD-US</subfield>
      </datafield>
      <datafield tag="110" ind1="1" ind2=" ">
         <subfield code="a">Randolph-Macon College, McGraw Page Library</subfield>
         <subfield code="c">Ashland, VA</subfield>
         <subfield code="g">US-ASHrmc</subfield>
      </datafield>
      <datafield tag="368" ind1=" " ind2=" ">
         <subfield code="a">Institution</subfield>
         <subfield code="a">Library</subfield>
      </datafield>
      <datafield tag="371" ind1=" " ind2=" ">
         <subfield code="a">305 Henry Street</subfield>
         <subfield code="b">Ashland, VA</subfield>
         <subfield code="c">Virginia</subfield>
         <subfield code="d">USA</subfield>
         <subfield code="e">23005-5505</subfield>
         <subfield code="m">library@rmc.edu</subfield>
         <subfield code="u">https://library.rmc.edu/library</subfield>
         <subfield code="z">tel: +1 / (804) / 752-7257</subfield>
      </datafield>
      <datafield tag="551" ind1="1" ind2=" ">
         <subfield code="a">Ashland, VA</subfield>
         <subfield code="0">places/50021119</subfield>
      </datafield>
   </record>