
   <record>
      <leader>00000nz  a2200000nc 4500</leader>
      <controlfield tag="001">institutions/51008725</controlfield>
      <controlfield tag="003">DE-633</controlfield>
      <controlfield tag="005">20250620052324.0</controlfield>
      <controlfield tag="008">250506||||z|||a|||||||||||||||||n||||||d</controlfield>
      <datafield tag="024" ind1="7" ind2=" ">
         <subfield code="a">Q106804255</subfield>
         <subfield code="2">WKP</subfield>
      </datafield>
      <datafield tag="024" ind1="7" ind2=" ">
         <subfield code="a">US-AUB</subfield>
         <subfield code="q">siglum</subfield>
         <subfield code="2">rism</subfield>
      </datafield>
      <datafield tag="034" ind1="1" ind2=" ">
         <subfield code="d">-85.48266450334083</subfield>
         <subfield code="f">32.603087373742426</subfield>
      </datafield>
      <datafield tag="040" ind1=" " ind2=" ">
         <subfield code="a">DE-633</subfield>
         <subfield code="b">ger</subfield>
         <subfield code="c">DE-633</subfield>
         <subfield code="e">rismg</subfield>
      </datafield>
      <datafield tag="043" ind1=" " ind2=" ">
         <subfield code="c">XD-US</subfield>
      </datafield>
      <datafield tag="110" ind1="1" ind2=" ">
         <subfield code="a">Auburn University Libraries, Special Collections and Archives</subfield>
         <subfield code="c">Auburn, AL</subfield>
         <subfield code="g">US-AUB</subfield>
      </datafield>
      <datafield tag="368" ind1=" " ind2=" ">
         <subfield code="a">Institution</subfield>
         <subfield code="a">Library</subfield>
      </datafield>
      <datafield tag="371" ind1=" " ind2=" ">
         <subfield code="a">RBD Library, Ground Floor</subfield>
         <subfield code="a">231 Mell St</subfield>
         <subfield code="b">Auburn, AL</subfield>
         <subfield code="c">Alabama</subfield>
         <subfield code="d">USA</subfield>
         <subfield code="e">36849</subfield>
         <subfield code="m">schmigr@auburn.edu</subfield>
         <subfield code="u">https://www.lib.auburn.edu/people/special-collections.php</subfield>
         <subfield code="z">contact: Greg Schmidt</subfield>
         <subfield code="z">tel: +1 / (334) 844-1736</subfield>
      </datafield>
      <datafield tag="410" ind1=" " ind2=" ">
         <subfield code="a">Treasure Collection</subfield>
      </datafield>
      <datafield tag="551" ind1="1" ind2=" ">
         <subfield code="a">Auburn, AL</subfield>
         <subfield code="0">places/50021482</subfield>
      </datafield>
   </record>