
   <record>
      <leader>00000nz  a2200000nc 4500</leader>
      <controlfield tag="001">institutions/51006774</controlfield>
      <controlfield tag="003">DE-633</controlfield>
      <controlfield tag="005">20250620052310.0</controlfield>
      <controlfield tag="008">220927||||z|||a|||||||||||||||||n||||||d</controlfield>
      <datafield tag="024" ind1="7" ind2=" ">
         <subfield code="a">158264120</subfield>
         <subfield code="2">VIAF</subfield>
      </datafield>
      <datafield tag="024" ind1="7" ind2=" ">
         <subfield code="a">Q19866695</subfield>
         <subfield code="2">WKP</subfield>
      </datafield>
      <datafield tag="024" ind1="7" ind2=" ">
         <subfield code="a">US-AUSblac</subfield>
         <subfield code="q">siglum</subfield>
         <subfield code="2">rism</subfield>
      </datafield>
      <datafield tag="034" ind1="1" ind2=" ">
         <subfield code="d">-97.72886593112894</subfield>
         <subfield code="f">30.285072740363823</subfield>
      </datafield>
      <datafield tag="040" ind1=" " ind2=" ">
         <subfield code="a">DE-633</subfield>
         <subfield code="c">DE-633</subfield>
         <subfield code="e">rismg</subfield>
      </datafield>
      <datafield tag="043" ind1=" " ind2=" ">
         <subfield code="c">XD-US</subfield>
      </datafield>
      <datafield tag="110" ind1="1" ind2=" ">
         <subfield code="a">University of Texas Libraries, Benson Latin American Collection</subfield>
         <subfield code="c">Austin, TX</subfield>
         <subfield code="g">US-AUSblac</subfield>
      </datafield>
      <datafield tag="368" ind1=" " ind2=" ">
         <subfield code="a">Institution</subfield>
         <subfield code="a">Library</subfield>
      </datafield>
      <datafield tag="371" ind1=" " ind2=" ">
         <subfield code="a">Sid Richardson Hall: 2300 Red River St</subfield>
         <subfield code="b">Austin, TX 78712</subfield>
         <subfield code="c">Texas</subfield>
         <subfield code="d">USA</subfield>
         <subfield code="m">blac@lib.utexas.edu</subfield>
         <subfield code="u">https://www.lib.utexas.edu/about/locations/benson</subfield>
         <subfield code="z">tel: +1 / 512-495-4520</subfield>
      </datafield>
      <datafield tag="410" ind1=" " ind2=" ">
         <subfield code="a">Teresa Lozano Long Institute for Latin American Studies (LLILAS)</subfield>
      </datafield>
      <datafield tag="551" ind1="1" ind2=" ">
         <subfield code="a">Austin, TX</subfield>
         <subfield code="0">places/3903394</subfield>
      </datafield>
      <datafield tag="680" ind1="1" ind2=" ">
         <subfield code="a">In partnership with the Teresa Lozano Long Institute for Latin American Studies (LLILAS).</subfield>
      </datafield>
   </record>