
   <record>
      <leader>00000nz  a2200000nc 4500</leader>
      <controlfield tag="001">institutions/30004516</controlfield>
      <controlfield tag="003">DE-633</controlfield>
      <controlfield tag="005">20250620052031.0</controlfield>
      <controlfield tag="008">161109||||z|||a|||||||||||||||||n||||||d</controlfield>
      <datafield tag="024" ind1="7" ind2=" ">
         <subfield code="a">136069532</subfield>
         <subfield code="2">VIAF</subfield>
      </datafield>
      <datafield tag="024" ind1="7" ind2=" ">
         <subfield code="a">306280029</subfield>
         <subfield code="2">VIAF</subfield>
      </datafield>
      <datafield tag="024" ind1="7" ind2=" ">
         <subfield code="a">133160541</subfield>
         <subfield code="2">VIAF</subfield>
      </datafield>
      <datafield tag="024" ind1="7" ind2=" ">
         <subfield code="a">US-BAue</subfield>
         <subfield code="q">siglum</subfield>
         <subfield code="2">rism</subfield>
      </datafield>
      <datafield tag="034" ind1="1" ind2=" ">
         <subfield code="d">-76.619436</subfield>
         <subfield code="f">39.329072</subfield>
      </datafield>
      <datafield tag="040" ind1=" " ind2=" ">
         <subfield code="a">DE-633</subfield>
         <subfield code="c">DE-633</subfield>
         <subfield code="e">rismg</subfield>
      </datafield>
      <datafield tag="043" ind1=" " ind2=" ">
         <subfield code="c">XD-US</subfield>
      </datafield>
      <datafield tag="110" ind1="1" ind2=" ">
         <subfield code="a">Johns Hopkins University, Milton S. Eisenhower Library</subfield>
         <subfield code="c">Baltimore, MD</subfield>
         <subfield code="g">US-BAue</subfield>
      </datafield>
      <datafield tag="368" ind1=" " ind2=" ">
         <subfield code="a">Institution</subfield>
         <subfield code="a">Library</subfield>
      </datafield>
      <datafield tag="371" ind1=" " ind2=" ">
         <subfield code="a">3400 N Charles St</subfield>
         <subfield code="b">Baltimore, MD 21218</subfield>
         <subfield code="c">Maryland</subfield>
         <subfield code="d">USA</subfield>
         <subfield code="m">ask@jhu.libanswers.com</subfield>
         <subfield code="u">https://www.facebook.com/mselibrary</subfield>
         <subfield code="u">https://www.library.jhu.edu/library-hours/milton-s-eisenhower-library/</subfield>
         <subfield code="z">tel: +1 / 410 / 516-8335</subfield>
         <subfield code="z">fax: +1 / 410 / 692-8874</subfield>
      </datafield>
      <datafield tag="551" ind1="1" ind2=" ">
         <subfield code="a">Baltimore, MD</subfield>
         <subfield code="0">places/3902869</subfield>
      </datafield>
      <datafield tag="667" ind1=" " ind2=" ">
         <subfield code="a">Published sources: 1</subfield>
      </datafield>
      <datafield tag="680" ind1="1" ind2=" ">
         <subfield code="a">The Lester S. Levy Collection of Sheet Music is part of Special Collections at the Milton S. Eisenhower Library of Johns Hopkins University.</subfield>
      </datafield>
   </record>