
   <record>
      <leader>00000nz  a2200000nc 4500</leader>
      <controlfield tag="001">institutions/51007760</controlfield>
      <controlfield tag="003">DE-633</controlfield>
      <controlfield tag="005">20250709125201.0</controlfield>
      <controlfield tag="008">240201||||z|||a|||||||||||||||||n||||||d</controlfield>
      <datafield tag="024" ind1="7" ind2=" ">
         <subfield code="a">Q125505633</subfield>
         <subfield code="2">WKP</subfield>
      </datafield>
      <datafield tag="024" ind1="7" ind2=" ">
         <subfield code="a">US-BELml</subfield>
         <subfield code="q">siglum</subfield>
         <subfield code="2">rism</subfield>
      </datafield>
      <datafield tag="034" ind1="1" ind2=" ">
         <subfield code="d">-122.48716305532925</subfield>
         <subfield code="f">48.738160456685975</subfield>
      </datafield>
      <datafield tag="040" ind1=" " ind2=" ">
         <subfield code="a">DE-633</subfield>
         <subfield code="c">DE-633</subfield>
         <subfield code="e">rismg</subfield>
      </datafield>
      <datafield tag="043" ind1=" " ind2=" ">
         <subfield code="c">XD-US</subfield>
      </datafield>
      <datafield tag="110" ind1="1" ind2=" ">
         <subfield code="a">Western Washington University, Music Library</subfield>
         <subfield code="c">Bellingham, WA</subfield>
         <subfield code="g">US-BELml</subfield>
      </datafield>
      <datafield tag="368" ind1=" " ind2=" ">
         <subfield code="a">Institution</subfield>
         <subfield code="a">Library</subfield>
      </datafield>
      <datafield tag="371" ind1=" " ind2=" ">
         <subfield code="a">Performing Arts Centre (PAC)</subfield>
         <subfield code="a">516 High Street</subfield>
         <subfield code="b">Bellingham, WA</subfield>
         <subfield code="c">Washington</subfield>
         <subfield code="d">USA</subfield>
         <subfield code="e">98225</subfield>
         <subfield code="m">marian.ritter@wwu.edu</subfield>
         <subfield code="u">https://library.wwu.edu/music-library-home</subfield>
         <subfield code="z">contact: Marian Ritter</subfield>
         <subfield code="z">tel: +1 / 360 650 3696</subfield>
      </datafield>
      <datafield tag="410" ind1=" " ind2=" ">
         <subfield code="a">Music Library at Western Washington University</subfield>
      </datafield>
      <datafield tag="551" ind1="1" ind2=" ">
         <subfield code="a">Bellingham, WA</subfield>
         <subfield code="0">places/3030064</subfield>
      </datafield>
      <datafield tag="667" ind1=" " ind2=" ">
         <subfield code="a">Published sources: 3</subfield>
      </datafield>
   </record>