
   <record>
      <leader>00000nz  a2200000nc 4500</leader>
      <controlfield tag="001">institutions/30002210</controlfield>
      <controlfield tag="003">DE-633</controlfield>
      <controlfield tag="005">20250729070857.0</controlfield>
      <controlfield tag="008">161109||||z|||a|||||||||||||||||n||||||d</controlfield>
      <datafield tag="024" ind1="7" ind2=" ">
         <subfield code="a">US-cumusi</subfield>
         <subfield code="2">ISIL</subfield>
      </datafield>
      <datafield tag="024" ind1="7" ind2=" ">
         <subfield code="a">2159032777501182678</subfield>
         <subfield code="2">VIAF</subfield>
      </datafield>
      <datafield tag="024" ind1="7" ind2=" ">
         <subfield code="a">Q83231227</subfield>
         <subfield code="2">WKP</subfield>
      </datafield>
      <datafield tag="024" ind1="7" ind2=" ">
         <subfield code="a">US-BEm</subfield>
         <subfield code="q">siglum</subfield>
         <subfield code="2">rism</subfield>
      </datafield>
      <datafield tag="034" ind1="1" ind2=" ">
         <subfield code="d">-122.25618339911365</subfield>
         <subfield code="f">37.87043915186056</subfield>
      </datafield>
      <datafield tag="040" ind1=" " ind2=" ">
         <subfield code="a">DE-633</subfield>
         <subfield code="c">DE-633</subfield>
         <subfield code="e">rismg</subfield>
      </datafield>
      <datafield tag="043" ind1=" " ind2=" ">
         <subfield code="c">XD-US</subfield>
      </datafield>
      <datafield tag="110" ind1="1" ind2=" ">
         <subfield code="a">Jean Gray Hargrove Music Library - University of California</subfield>
         <subfield code="c">Berkeley, CA</subfield>
         <subfield code="g">US-BEm</subfield>
      </datafield>
      <datafield tag="368" ind1=" " ind2=" ">
         <subfield code="a">Institution</subfield>
         <subfield code="a">Library</subfield>
      </datafield>
      <datafield tag="371" ind1=" " ind2=" ">
         <subfield code="a">University of California, Berkeley</subfield>
         <subfield code="a">Optometry Ln</subfield>
         <subfield code="b">Berkeley, CA</subfield>
         <subfield code="c">California</subfield>
         <subfield code="d">USA</subfield>
         <subfield code="e">94720</subfield>
         <subfield code="m">sergei3@berkeley.edu</subfield>
         <subfield code="u">https://www.lib.berkeley.edu/visit/music</subfield>
         <subfield code="u">https://music.berkeley.edu/resources-and-facilities/jean-gray-hargrove-music-library/</subfield>
         <subfield code="z">contact: John Shepard</subfield>
         <subfield code="z">tel: +1 / 510-642-2428</subfield>
      </datafield>
      <datafield tag="551" ind1="1" ind2=" ">
         <subfield code="a">Berkeley, CA</subfield>
         <subfield code="0">places/3903396</subfield>
      </datafield>
      <datafield tag="667" ind1=" " ind2=" ">
         <subfield code="a">Published sources: 9351</subfield>
      </datafield>
   </record>