
   <record>
      <leader>00000nz  a2200000nc 4500</leader>
      <controlfield tag="001">institutions/51004437</controlfield>
      <controlfield tag="003">DE-633</controlfield>
      <controlfield tag="005">20250620052256.0</controlfield>
      <controlfield tag="008">201015||||z|||a|||||||||||||||||n||||||d</controlfield>
      <datafield tag="024" ind1="7" ind2=" ">
         <subfield code="a">149303538</subfield>
         <subfield code="2">VIAF</subfield>
      </datafield>
      <datafield tag="024" ind1="7" ind2=" ">
         <subfield code="a">Q55604154</subfield>
         <subfield code="2">WKP</subfield>
      </datafield>
      <datafield tag="024" ind1="7" ind2=" ">
         <subfield code="a">US-BLaaamc</subfield>
         <subfield code="q">siglum</subfield>
         <subfield code="2">rism</subfield>
      </datafield>
      <datafield tag="040" ind1=" " ind2=" ">
         <subfield code="a">DE-633</subfield>
         <subfield code="c">DE-633</subfield>
         <subfield code="e">rismg</subfield>
      </datafield>
      <datafield tag="043" ind1=" " ind2=" ">
         <subfield code="c">XD-US</subfield>
      </datafield>
      <datafield tag="110" ind1="1" ind2=" ">
         <subfield code="a">Archives of African American Music and Culture - Indiana University</subfield>
         <subfield code="c">Bloomington, IN</subfield>
         <subfield code="g">US-BLaaamc</subfield>
      </datafield>
      <datafield tag="368" ind1=" " ind2=" ">
         <subfield code="a">Institution</subfield>
         <subfield code="a">Library</subfield>
         <subfield code="a">Archive</subfield>
      </datafield>
      <datafield tag="371" ind1=" " ind2=" ">
         <subfield code="a">2805 E. Tenth St., Suite 180-181</subfield>
         <subfield code="b">Bloomington, IN 47408-4662</subfield>
         <subfield code="c">Indiana</subfield>
         <subfield code="d">USA</subfield>
         <subfield code="m">aaamc@indiana.edu</subfield>
         <subfield code="u">https://aaamc.indiana.edu/</subfield>
         <subfield code="z">tel: +1 / (812) 855-8547</subfield>
         <subfield code="z">fax: +1 /(812) 856-0333</subfield>
      </datafield>
      <datafield tag="510" ind1="1" ind2=" ">
         <subfield code="a">AAAMC - Archives of African American Music and Culture</subfield>
      </datafield>
      <datafield tag="551" ind1="1" ind2=" ">
         <subfield code="a">Bloomington, IN</subfield>
         <subfield code="0">places/3903401</subfield>
      </datafield>
   </record>