
   <record>
      <leader>00000nz  a2200000nc 4500</leader>
      <controlfield tag="001">institutions/51008707</controlfield>
      <controlfield tag="003">DE-633</controlfield>
      <controlfield tag="005">20250620052324.0</controlfield>
      <controlfield tag="008">250505||||z|||a|||||||||||||||||n||||||d</controlfield>
      <datafield tag="024" ind1="7" ind2=" ">
         <subfield code="a">3714153411877441700004</subfield>
         <subfield code="2">VIAF</subfield>
      </datafield>
      <datafield tag="024" ind1="7" ind2=" ">
         <subfield code="a">Q4911951</subfield>
         <subfield code="2">WKP</subfield>
      </datafield>
      <datafield tag="024" ind1="7" ind2=" ">
         <subfield code="a">US-BUR</subfield>
         <subfield code="q">siglum</subfield>
         <subfield code="2">rism</subfield>
      </datafield>
      <datafield tag="034" ind1="1" ind2=" ">
         <subfield code="d">-73.19908659904416</subfield>
         <subfield code="f">44.47924614993219</subfield>
      </datafield>
      <datafield tag="040" ind1=" " ind2=" ">
         <subfield code="a">DE-633</subfield>
         <subfield code="b">ger</subfield>
         <subfield code="c">DE-633</subfield>
         <subfield code="e">rismg</subfield>
      </datafield>
      <datafield tag="043" ind1=" " ind2=" ">
         <subfield code="c">XD-US</subfield>
      </datafield>
      <datafield tag="110" ind1="1" ind2=" ">
         <subfield code="a">Silver Special Collections Library, Medieval and Renaissance Manuscripts Collection</subfield>
         <subfield code="c">Burlington, VT</subfield>
         <subfield code="g">US-BUR</subfield>
      </datafield>
      <datafield tag="368" ind1=" " ind2=" ">
         <subfield code="a">Institution</subfield>
         <subfield code="a">Library</subfield>
      </datafield>
      <datafield tag="371" ind1=" " ind2=" ">
         <subfield code="a">48 University Place, Room B201</subfield>
         <subfield code="b">Vermont</subfield>
         <subfield code="c">Burlington, VT</subfield>
         <subfield code="d">USA</subfield>
         <subfield code="e">05405</subfield>
         <subfield code="m">uvmsc@uvm.edu</subfield>
         <subfield code="u">https://libraries.uvm.edu/special-collections</subfield>
         <subfield code="z">tel: +1 / (802) 656-2138</subfield>
      </datafield>
      <datafield tag="510" ind1="2" ind2=" ">
         <subfield code="a">University of Vermont, Billings Memorial Library</subfield>
         <subfield code="w">t</subfield>
      </datafield>
      <datafield tag="551" ind1="1" ind2=" ">
         <subfield code="a">Burlington, VT</subfield>
         <subfield code="0">places/50016494</subfield>
      </datafield>
   </record>