
   <record>
      <leader>00000nz  a2200000nc 4500</leader>
      <controlfield tag="001">institutions/30003169</controlfield>
      <controlfield tag="003">DE-633</controlfield>
      <controlfield tag="005">20250620052019.0</controlfield>
      <controlfield tag="008">161109||||z|||a|||||||||||||||||n||||||d</controlfield>
      <datafield tag="024" ind1="7" ind2=" ">
         <subfield code="a">125862055</subfield>
         <subfield code="2">VIAF</subfield>
      </datafield>
      <datafield tag="024" ind1="7" ind2=" ">
         <subfield code="a">Q102114826</subfield>
         <subfield code="2">WKP</subfield>
      </datafield>
      <datafield tag="024" ind1="7" ind2=" ">
         <subfield code="a">US-CAe</subfield>
         <subfield code="q">siglum</subfield>
         <subfield code="2">rism</subfield>
      </datafield>
      <datafield tag="034" ind1="1" ind2=" ">
         <subfield code="d">-71.11705414278019</subfield>
         <subfield code="f">42.3771295367038</subfield>
      </datafield>
      <datafield tag="040" ind1=" " ind2=" ">
         <subfield code="a">DE-633</subfield>
         <subfield code="c">DE-633</subfield>
         <subfield code="e">rismg</subfield>
      </datafield>
      <datafield tag="043" ind1=" " ind2=" ">
         <subfield code="c">XD-US</subfield>
      </datafield>
      <datafield tag="110" ind1="1" ind2=" ">
         <subfield code="a">Harvard University, Eda Kuhn Loeb Music Library</subfield>
         <subfield code="c">Cambridge, MA</subfield>
         <subfield code="g">US-CAe</subfield>
      </datafield>
      <datafield tag="368" ind1=" " ind2=" ">
         <subfield code="a">Institution</subfield>
         <subfield code="a">Library</subfield>
      </datafield>
      <datafield tag="371" ind1=" " ind2=" ">
         <subfield code="a">Music Building</subfield>
         <subfield code="a">3 Oxford Street</subfield>
         <subfield code="b">Cambridge, MA 02138</subfield>
         <subfield code="c">Massachusets</subfield>
         <subfield code="d">USA</subfield>
         <subfield code="m">muslib@fas.harvard.edu</subfield>
         <subfield code="u">https://library.harvard.edu/libraries/loeb-music</subfield>
         <subfield code="z">tel: +1 / 617-496-3359</subfield>
         <subfield code="z">fax: +1 / 617-496-4636</subfield>
         <subfield code="z">contact: Christina Linklater, Director, U.S. RISM Office</subfield>
      </datafield>
      <datafield tag="551" ind1="1" ind2=" ">
         <subfield code="a">Cambridge, MA</subfield>
         <subfield code="0">places/3903403</subfield>
      </datafield>
      <datafield tag="667" ind1=" " ind2=" ">
         <subfield code="a">Published sources: 2809</subfield>
      </datafield>
   </record>