
   <record>
      <leader>00000nz  a2200000nc 4500</leader>
      <controlfield tag="001">institutions/30002243</controlfield>
      <controlfield tag="003">DE-633</controlfield>
      <controlfield tag="005">20250620052011.0</controlfield>
      <controlfield tag="008">161109||||z|||a|||||||||||||||||n||||||d</controlfield>
      <datafield tag="024" ind1="7" ind2=" ">
         <subfield code="a">US-CHH</subfield>
         <subfield code="q">siglum</subfield>
         <subfield code="2">rism</subfield>
      </datafield>
      <datafield tag="034" ind1="1" ind2=" ">
         <subfield code="d">-79.04948941792095</subfield>
         <subfield code="f">35.90973415161462</subfield>
      </datafield>
      <datafield tag="040" ind1=" " ind2=" ">
         <subfield code="a">DE-633</subfield>
         <subfield code="c">DE-633</subfield>
         <subfield code="e">rismg</subfield>
      </datafield>
      <datafield tag="043" ind1=" " ind2=" ">
         <subfield code="c">XD-US</subfield>
      </datafield>
      <datafield tag="110" ind1="1" ind2=" ">
         <subfield code="a">University of North Carolina (UNC), Music Library</subfield>
         <subfield code="c">Chapel Hill, NC</subfield>
         <subfield code="g">US-CHH</subfield>
      </datafield>
      <datafield tag="368" ind1=" " ind2=" ">
         <subfield code="a">Institution</subfield>
         <subfield code="a">Library</subfield>
      </datafield>
      <datafield tag="371" ind1=" " ind2=" ">
         <subfield code="a">Wilson Library</subfield>
         <subfield code="a">200 South Rd</subfield>
         <subfield code="a">CB#3948</subfield>
         <subfield code="b">Chapel Hill, NC</subfield>
         <subfield code="c">North Carolina</subfield>
         <subfield code="d">USA</subfield>
         <subfield code="e">27515-8890</subfield>
         <subfield code="m">musiclibraryinfo@unc.edu</subfield>
         <subfield code="u">https://library.unc.edu/music/</subfield>
         <subfield code="u">https://library.unc.edu/wilson/</subfield>
         <subfield code="z">tel: +1 / 919-962-3765</subfield>
      </datafield>
      <datafield tag="551" ind1="1" ind2=" ">
         <subfield code="a">Chapel Hill, NC</subfield>
         <subfield code="0">places/3901373</subfield>
      </datafield>
      <datafield tag="667" ind1=" " ind2=" ">
         <subfield code="a">Published sources: 590</subfield>
      </datafield>
      <datafield tag="680" ind1="1" ind2=" ">
         <subfield code="a">All historical music sources documented at RISM are stored in the Wilson Library. See the address above.</subfield>
      </datafield>
   </record>