
   <record>
      <leader>00000nz  a2200000nc 4500</leader>
      <controlfield tag="001">institutions/51005810</controlfield>
      <controlfield tag="003">DE-633</controlfield>
      <controlfield tag="005">20250620052304.0</controlfield>
      <controlfield tag="008">211111||||z|||a|||||||||||||||||n||||||d</controlfield>
      <datafield tag="024" ind1="7" ind2=" ">
         <subfield code="a">US-CIarb</subfield>
         <subfield code="q">siglum</subfield>
         <subfield code="2">rism</subfield>
      </datafield>
      <datafield tag="034" ind1="1" ind2=" ">
         <subfield code="d">-84.51929516679691</subfield>
         <subfield code="f">39.129587237605534</subfield>
      </datafield>
      <datafield tag="040" ind1=" " ind2=" ">
         <subfield code="a">DE-633</subfield>
         <subfield code="c">DE-633</subfield>
         <subfield code="e">rismg</subfield>
      </datafield>
      <datafield tag="043" ind1=" " ind2=" ">
         <subfield code="c">XD-US</subfield>
      </datafield>
      <datafield tag="110" ind1="1" ind2=" ">
         <subfield code="a">University of Cincinnati (UC) - Archives and Rare Books Library</subfield>
         <subfield code="c">Cincinnati, OH</subfield>
         <subfield code="g">US-CIarb</subfield>
      </datafield>
      <datafield tag="368" ind1=" " ind2=" ">
         <subfield code="a">Institution</subfield>
         <subfield code="a">Library</subfield>
      </datafield>
      <datafield tag="371" ind1=" " ind2=" ">
         <subfield code="a">8th Floor Blegen Library</subfield>
         <subfield code="a">P.O. Box 210113</subfield>
         <subfield code="a">2602 McMicken Circle</subfield>
         <subfield code="b">Cincinnati, Ohio 45221-0113</subfield>
         <subfield code="c">Ohio</subfield>
         <subfield code="d">USA</subfield>
         <subfield code="m">archives@ucmail.uc.edu</subfield>
         <subfield code="u">https://libraries.uc.edu/libraries/arb.html</subfield>
         <subfield code="z">tel: +1 / 513-556-1959</subfield>
      </datafield>
      <datafield tag="551" ind1="1" ind2=" ">
         <subfield code="a">Cincinnati, OH</subfield>
         <subfield code="0">places/3902876</subfield>
      </datafield>
   </record>