
   <record>
      <leader>00000nz  a2200000nc 4500</leader>
      <controlfield tag="001">institutions/51008576</controlfield>
      <controlfield tag="003">DE-633</controlfield>
      <controlfield tag="005">20250620052323.0</controlfield>
      <controlfield tag="008">250304||||z|||a|||||||||||||||||n||||||d</controlfield>
      <datafield tag="024" ind1="7" ind2=" ">
         <subfield code="a">US-CLwrrb</subfield>
         <subfield code="q">siglum</subfield>
         <subfield code="2">rism</subfield>
      </datafield>
      <datafield tag="034" ind1="1" ind2=" ">
         <subfield code="d">-81.60959166192796</subfield>
         <subfield code="f">41.507443323041585</subfield>
      </datafield>
      <datafield tag="040" ind1=" " ind2=" ">
         <subfield code="a">DE-633</subfield>
         <subfield code="b">ger</subfield>
         <subfield code="c">DE-633</subfield>
         <subfield code="e">rismg</subfield>
      </datafield>
      <datafield tag="043" ind1=" " ind2=" ">
         <subfield code="c">XD-US</subfield>
      </datafield>
      <datafield tag="110" ind1="1" ind2=" ">
         <subfield code="a">Case Western Reserve University, Rare Books Collection at Kelvin Smith Library</subfield>
         <subfield code="c">Cleveland, OH</subfield>
         <subfield code="g">US-CLwrrb</subfield>
      </datafield>
      <datafield tag="368" ind1=" " ind2=" ">
         <subfield code="a">Institution</subfield>
         <subfield code="a">Library</subfield>
      </datafield>
      <datafield tag="371" ind1=" " ind2=" ">
         <subfield code="a">11055 Euclid Avenue</subfield>
         <subfield code="b">Cleveland, OH</subfield>
         <subfield code="c">Ohio</subfield>
         <subfield code="d">USA</subfield>
         <subfield code="e">44106-7151</subfield>
         <subfield code="m">kslspecialcollections@case.edu</subfield>
         <subfield code="u">https://case.edu/library/research-tools/special-collections/rare-books</subfield>
         <subfield code="z">tel: +1 / 216-368-0189</subfield>
      </datafield>
      <datafield tag="551" ind1="1" ind2=" ">
         <subfield code="a">Cleveland, OH</subfield>
         <subfield code="0">places/3903410</subfield>
      </datafield>
   </record>