
   <record>
      <leader>00000nz  a2200000nc 4500</leader>
      <controlfield tag="001">institutions/51008715</controlfield>
      <controlfield tag="003">DE-633</controlfield>
      <controlfield tag="005">20250620052324.0</controlfield>
      <controlfield tag="008">250505||||z|||a|||||||||||||||||n||||||d</controlfield>
      <datafield tag="024" ind1="7" ind2=" ">
         <subfield code="a">136242845</subfield>
         <subfield code="2">VIAF</subfield>
      </datafield>
      <datafield tag="024" ind1="7" ind2=" ">
         <subfield code="a">Q75341040</subfield>
         <subfield code="2">WKP</subfield>
      </datafield>
      <datafield tag="024" ind1="7" ind2=" ">
         <subfield code="a">US-COR</subfield>
         <subfield code="q">siglum</subfield>
         <subfield code="2">rism</subfield>
      </datafield>
      <datafield tag="034" ind1="1" ind2=" ">
         <subfield code="d">-123.2759825493259</subfield>
         <subfield code="f">44.56529778648481</subfield>
      </datafield>
      <datafield tag="040" ind1=" " ind2=" ">
         <subfield code="a">DE-633</subfield>
         <subfield code="b">ger</subfield>
         <subfield code="c">DE-633</subfield>
         <subfield code="e">rismg</subfield>
      </datafield>
      <datafield tag="043" ind1=" " ind2=" ">
         <subfield code="c">XD-US</subfield>
      </datafield>
      <datafield tag="110" ind1="1" ind2=" ">
         <subfield code="a">Oregon State University Libraries, Special Collections &amp; Archives Research Center (SCARC)</subfield>
         <subfield code="c">Corvallis, OR</subfield>
         <subfield code="g">US-COR</subfield>
      </datafield>
      <datafield tag="368" ind1=" " ind2=" ">
         <subfield code="a">Institution</subfield>
         <subfield code="a">Library</subfield>
      </datafield>
      <datafield tag="371" ind1=" " ind2=" ">
         <subfield code="a">Oregon State University</subfield>
         <subfield code="a">121 The Valley Library (5th floor)</subfield>
         <subfield code="b">Corvallis, OR</subfield>
         <subfield code="c">Oregon</subfield>
         <subfield code="d">USA</subfield>
         <subfield code="e">97331-3411</subfield>
         <subfield code="m">scarc@oregonstate.edu</subfield>
         <subfield code="u">https://scarc.library.oregonstate.edu/</subfield>
         <subfield code="z">tel: +1 / (541) 737-2075</subfield>
      </datafield>
      <datafield tag="551" ind1="1" ind2=" ">
         <subfield code="a">Corvallis, OR</subfield>
         <subfield code="0">places/50015612</subfield>
      </datafield>
   </record>