
   <record>
      <leader>00000nz  a2200000nc 4500</leader>
      <controlfield tag="001">institutions/30004208</controlfield>
      <controlfield tag="003">DE-633</controlfield>
      <controlfield tag="005">20250620052028.0</controlfield>
      <controlfield tag="008">161109||||z|||a|||||||||||||||||n||||||d</controlfield>
      <datafield tag="024" ind1="7" ind2=" ">
         <subfield code="a">Q5762205</subfield>
         <subfield code="2">WKP</subfield>
      </datafield>
      <datafield tag="024" ind1="7" ind2=" ">
         <subfield code="a">US-CV</subfield>
         <subfield code="q">siglum</subfield>
         <subfield code="2">rism</subfield>
      </datafield>
      <datafield tag="034" ind1="1" ind2=" ">
         <subfield code="d">-94.39175236663328</subfield>
         <subfield code="f">45.5813001473005</subfield>
      </datafield>
      <datafield tag="040" ind1=" " ind2=" ">
         <subfield code="a">DE-633</subfield>
         <subfield code="c">DE-633</subfield>
         <subfield code="e">rismg</subfield>
      </datafield>
      <datafield tag="043" ind1=" " ind2=" ">
         <subfield code="c">XD-US</subfield>
      </datafield>
      <datafield tag="110" ind1="1" ind2=" ">
         <subfield code="a">Hill Museum &amp; Manuscript Library (HMML)</subfield>
         <subfield code="c">Collegeville, MN</subfield>
         <subfield code="g">US-CV</subfield>
      </datafield>
      <datafield tag="368" ind1=" " ind2=" ">
         <subfield code="a">Institution</subfield>
         <subfield code="a">Library</subfield>
      </datafield>
      <datafield tag="371" ind1=" " ind2=" ">
         <subfield code="a">2835 Abbey Plaza</subfield>
         <subfield code="a">P.O. Box 7300</subfield>
         <subfield code="a">Saint John's University</subfield>
         <subfield code="b">Collegeville, MN 56321-7300</subfield>
         <subfield code="c">Minnesota</subfield>
         <subfield code="d">USA</subfield>
         <subfield code="m">hmml@hmml.org</subfield>
         <subfield code="u">https://hmml.org/</subfield>
         <subfield code="z">tel: +1 / 320-363-3514</subfield>
      </datafield>
      <datafield tag="410" ind1=" " ind2=" ">
         <subfield code="a">Hill Monastic Manuscript Library</subfield>
      </datafield>
      <datafield tag="410" ind1=" " ind2=" ">
         <subfield code="a">Monastic Manuscript Microfilm Library</subfield>
      </datafield>
      <datafield tag="551" ind1="1" ind2=" ">
         <subfield code="a">Collegeville, MN</subfield>
         <subfield code="0">places/3904120</subfield>
      </datafield>
   </record>