
   <record>
      <leader>00000nz  a2200000nc 4500</leader>
      <controlfield tag="001">institutions/51004376</controlfield>
      <controlfield tag="003">DE-633</controlfield>
      <controlfield tag="005">20250620052255.0</controlfield>
      <controlfield tag="008">200925||||z|||a|||||||||||||||||n||||||d</controlfield>
      <datafield tag="024" ind1="7" ind2=" ">
         <subfield code="a">US-Ccc</subfield>
         <subfield code="q">siglum</subfield>
         <subfield code="2">rism</subfield>
      </datafield>
      <datafield tag="040" ind1=" " ind2=" ">
         <subfield code="a">DE-633</subfield>
         <subfield code="c">DE-633</subfield>
         <subfield code="e">rismg</subfield>
      </datafield>
      <datafield tag="043" ind1=" " ind2=" ">
         <subfield code="c">XD-US</subfield>
      </datafield>
      <datafield tag="110" ind1="1" ind2=" ">
         <subfield code="a">Columbia College, Library</subfield>
         <subfield code="c">Chicago, IL</subfield>
         <subfield code="g">US-Ccc</subfield>
      </datafield>
      <datafield tag="368" ind1=" " ind2=" ">
         <subfield code="a">Institution</subfield>
         <subfield code="a">Library</subfield>
      </datafield>
      <datafield tag="371" ind1=" " ind2=" ">
         <subfield code="a">624 S. Michigan Ave.</subfield>
         <subfield code="b">Chicago, IL 60605</subfield>
         <subfield code="c">Illinois</subfield>
         <subfield code="d">USA</subfield>
         <subfield code="u">https://library.colum.edu/</subfield>
         <subfield code="z">tel: +1 / 312 / 369 7900</subfield>
      </datafield>
      <datafield tag="410" ind1=" " ind2=" ">
         <subfield code="a">College Archives and Special Collections</subfield>
      </datafield>
      <datafield tag="410" ind1=" " ind2=" ">
         <subfield code="a">Center for Black Music Research (CBMR)</subfield>
      </datafield>
      <datafield tag="551" ind1="1" ind2=" ">
         <subfield code="a">Chicago, IL</subfield>
         <subfield code="0">places/3902473</subfield>
      </datafield>
      <datafield tag="856" ind1="1" ind2=" ">
         <subfield code="u">https://library.colum.edu/archives/</subfield>
         <subfield code="z">About the College Archives</subfield>
      </datafield>
      <datafield tag="856" ind1="1" ind2=" ">
         <subfield code="u">https://library.colum.edu/archives/collections/cbmr.php</subfield>
         <subfield code="z">About the Center for Black Music Research (CBMR)</subfield>
      </datafield>
   </record>