
   <record>
      <leader>00000nz  a2200000nc 4500</leader>
      <controlfield tag="001">institutions/51004379</controlfield>
      <controlfield tag="003">DE-633</controlfield>
      <controlfield tag="005">20250620052255.0</controlfield>
      <controlfield tag="008">200925||||z|||a|||||||||||||||||n||||||d</controlfield>
      <datafield tag="024" ind1="7" ind2=" ">
         <subfield code="a">305452215</subfield>
         <subfield code="2">VIAF</subfield>
      </datafield>
      <datafield tag="024" ind1="7" ind2=" ">
         <subfield code="a">US-Cdpul</subfield>
         <subfield code="q">siglum</subfield>
         <subfield code="2">rism</subfield>
      </datafield>
      <datafield tag="034" ind1="1" ind2=" ">
         <subfield code="d">-87.655291</subfield>
         <subfield code="f">41.925006</subfield>
      </datafield>
      <datafield tag="040" ind1=" " ind2=" ">
         <subfield code="a">DE-633</subfield>
         <subfield code="c">DE-633</subfield>
         <subfield code="e">rismg</subfield>
      </datafield>
      <datafield tag="043" ind1=" " ind2=" ">
         <subfield code="c">XD-US</subfield>
      </datafield>
      <datafield tag="110" ind1="1" ind2=" ">
         <subfield code="a">DePaul University Library</subfield>
         <subfield code="c">Chicago, IL</subfield>
         <subfield code="g">US-Cdpul</subfield>
      </datafield>
      <datafield tag="368" ind1=" " ind2=" ">
         <subfield code="a">Institution</subfield>
         <subfield code="a">Library</subfield>
      </datafield>
      <datafield tag="371" ind1=" " ind2=" ">
         <subfield code="a">Lincoln Park Campus</subfield>
         <subfield code="a">2350 N Kenmore Ave.</subfield>
         <subfield code="b">Chicago, IL 60614</subfield>
         <subfield code="c">Illinois</subfield>
         <subfield code="d">USA</subfield>
         <subfield code="u">https://library.depaul.edu/Pages/default.aspx</subfield>
         <subfield code="z">tel: +1 / 773 / 325-7862</subfield>
      </datafield>
      <datafield tag="410" ind1=" " ind2=" ">
         <subfield code="a">Special Collections and Archives</subfield>
      </datafield>
      <datafield tag="551" ind1="1" ind2=" ">
         <subfield code="a">Chicago, IL</subfield>
         <subfield code="0">places/3902473</subfield>
      </datafield>
      <datafield tag="856" ind1="1" ind2=" ">
         <subfield code="u">https://library.depaul.edu/special-collections/Pages/default.aspx</subfield>
         <subfield code="z">About the Special Collections and Archives</subfield>
      </datafield>
   </record>