
   <record>
      <leader>00000nz  a2200000nc 4500</leader>
      <controlfield tag="001">institutions/51006484</controlfield>
      <controlfield tag="003">DE-633</controlfield>
      <controlfield tag="005">20250620052308.0</controlfield>
      <controlfield tag="008">220525||||z|||a|||||||||||||||||n||||||d</controlfield>
      <datafield tag="024" ind1="7" ind2=" ">
         <subfield code="a">Q2092392</subfield>
         <subfield code="2">WKP</subfield>
      </datafield>
      <datafield tag="024" ind1="7" ind2=" ">
         <subfield code="a">US-DAYua</subfield>
         <subfield code="q">siglum</subfield>
         <subfield code="2">rism</subfield>
      </datafield>
      <datafield tag="034" ind1="1" ind2=" ">
         <subfield code="d">-84.17902996648532</subfield>
         <subfield code="f">39.74019219189449</subfield>
      </datafield>
      <datafield tag="040" ind1=" " ind2=" ">
         <subfield code="a">DE-633</subfield>
         <subfield code="c">DE-633</subfield>
         <subfield code="e">rismg</subfield>
      </datafield>
      <datafield tag="043" ind1=" " ind2=" ">
         <subfield code="c">XD-US</subfield>
      </datafield>
      <datafield tag="110" ind1="1" ind2=" ">
         <subfield code="a">University of Dayton, University Archives and Special Collections</subfield>
         <subfield code="c">Dayton, OH</subfield>
         <subfield code="g">US-DAYua</subfield>
      </datafield>
      <datafield tag="368" ind1=" " ind2=" ">
         <subfield code="a">Institution</subfield>
         <subfield code="a">Library</subfield>
         <subfield code="a">Archive</subfield>
      </datafield>
      <datafield tag="371" ind1=" " ind2=" ">
         <subfield code="a">University Libraries</subfield>
         <subfield code="a">300 College Park Dr.</subfield>
         <subfield code="b">Dayton, OH 45469 - 1360</subfield>
         <subfield code="c">Ohio</subfield>
         <subfield code="d">USA</subfield>
         <subfield code="m">archives@udayton.edu</subfield>
         <subfield code="u">https://udayton.edu/libraries/index.php</subfield>
      </datafield>
      <datafield tag="551" ind1="1" ind2=" ">
         <subfield code="a">Dayton, OH</subfield>
         <subfield code="0">places/50019467</subfield>
      </datafield>
   </record>