
   <record>
      <leader>00000nz  a2200000nc 4500</leader>
      <controlfield tag="001">institutions/51000137</controlfield>
      <controlfield tag="003">DE-633</controlfield>
      <controlfield tag="005">20250620052235.0</controlfield>
      <controlfield tag="008">170127||||z|||a|||||||||||||||||n||||||d</controlfield>
      <datafield tag="024" ind1="7" ind2=" ">
         <subfield code="a">126425473</subfield>
         <subfield code="2">VIAF</subfield>
      </datafield>
      <datafield tag="024" ind1="7" ind2=" ">
         <subfield code="a">US-DAubl</subfield>
         <subfield code="q">siglum</subfield>
         <subfield code="2">rism</subfield>
      </datafield>
      <datafield tag="034" ind1="1" ind2=" ">
         <subfield code="d">-96.785777</subfield>
         <subfield code="f">32.840238</subfield>
      </datafield>
      <datafield tag="040" ind1=" " ind2=" ">
         <subfield code="a">DE-633</subfield>
         <subfield code="c">DE-633</subfield>
         <subfield code="e">rismg</subfield>
      </datafield>
      <datafield tag="043" ind1=" " ind2=" ">
         <subfield code="c">XD-US</subfield>
      </datafield>
      <datafield tag="110" ind1="1" ind2=" ">
         <subfield code="a">Southern Methodist University, Bridwell Library</subfield>
         <subfield code="c">Dallas, TX</subfield>
         <subfield code="g">US-DAubl</subfield>
      </datafield>
      <datafield tag="371" ind1=" " ind2=" ">
         <subfield code="a">6005 Bishop Blvd.</subfield>
         <subfield code="b">Dallas, TX 75205</subfield>
         <subfield code="c">Texas</subfield>
         <subfield code="d">USA</subfield>
         <subfield code="u">http://www.smu.edu/Bridwell</subfield>
         <subfield code="z">PO Box 750476</subfield>
         <subfield code="z">Dallas, TX 75275-0476</subfield>
         <subfield code="z">tel: +1 / 214-768-3483</subfield>
      </datafield>
      <datafield tag="551" ind1="1" ind2=" ">
         <subfield code="a">Dallas, TX</subfield>
         <subfield code="0">places/3903416</subfield>
      </datafield>
   </record>