
   <record>
      <leader>00000nz  a2200000nc 4500</leader>
      <controlfield tag="001">institutions/51007885</controlfield>
      <controlfield tag="003">DE-633</controlfield>
      <controlfield tag="005">20250620052318.0</controlfield>
      <controlfield tag="008">240417||||z|||a|||||||||||||||||n||||||d</controlfield>
      <datafield tag="024" ind1="7" ind2=" ">
         <subfield code="a">US-DEml</subfield>
         <subfield code="q">siglum</subfield>
         <subfield code="2">rism</subfield>
      </datafield>
      <datafield tag="034" ind1="1" ind2=" ">
         <subfield code="d">-104.96011897917693</subfield>
         <subfield code="f">39.67466650139007</subfield>
      </datafield>
      <datafield tag="040" ind1=" " ind2=" ">
         <subfield code="a">DE-633</subfield>
         <subfield code="c">DE-633</subfield>
         <subfield code="e">rismg</subfield>
      </datafield>
      <datafield tag="043" ind1=" " ind2=" ">
         <subfield code="c">XD-US</subfield>
      </datafield>
      <datafield tag="110" ind1="1" ind2=" ">
         <subfield code="a">University of Denver Libraries, Music Library</subfield>
         <subfield code="c">Denver, CO</subfield>
         <subfield code="g">US-DEml</subfield>
      </datafield>
      <datafield tag="368" ind1=" " ind2=" ">
         <subfield code="a">Institution</subfield>
         <subfield code="a">Library</subfield>
      </datafield>
      <datafield tag="371" ind1=" " ind2=" ">
         <subfield code="a">2344, E Iliff Ave.</subfield>
         <subfield code="a">Room 440 of the Lamont School of Music</subfield>
         <subfield code="b">Denver, CO</subfield>
         <subfield code="c">Colorado</subfield>
         <subfield code="d">USA</subfield>
         <subfield code="e">80210</subfield>
         <subfield code="m">MusicLibrary@du.edu</subfield>
         <subfield code="u">https://library.du.edu/collections-library-materials/music-library</subfield>
         <subfield code="z">tel: +1 / 303 871 6421</subfield>
      </datafield>
      <datafield tag="410" ind1=" " ind2=" ">
         <subfield code="a">Bonfils-Stanton Foundation Music Library</subfield>
      </datafield>
      <datafield tag="551" ind1="1" ind2=" ">
         <subfield code="a">Denver, CO</subfield>
         <subfield code="0">places/3903418</subfield>
      </datafield>
   </record>