
   <record>
      <leader>00000nz  a2200000nc 4500</leader>
      <controlfield tag="001">institutions/51007888</controlfield>
      <controlfield tag="003">DE-633</controlfield>
      <controlfield tag="005">20250620052318.0</controlfield>
      <controlfield tag="008">240417||||z|||a|||||||||||||||||n||||||d</controlfield>
      <datafield tag="024" ind1="7" ind2=" ">
         <subfield code="a">US-DEsca</subfield>
         <subfield code="q">siglum</subfield>
         <subfield code="2">rism</subfield>
      </datafield>
      <datafield tag="034" ind1="1" ind2=" ">
         <subfield code="d">-104.96183073867655</subfield>
         <subfield code="f">39.6778988359239</subfield>
      </datafield>
      <datafield tag="040" ind1=" " ind2=" ">
         <subfield code="a">DE-633</subfield>
         <subfield code="c">DE-633</subfield>
         <subfield code="e">rismg</subfield>
      </datafield>
      <datafield tag="043" ind1=" " ind2=" ">
         <subfield code="c">XD-US</subfield>
      </datafield>
      <datafield tag="110" ind1="1" ind2=" ">
         <subfield code="a">University of Denver Libraries, Special Collections &amp; Archives (SCA)</subfield>
         <subfield code="c">Denver, CO</subfield>
         <subfield code="g">US-DEsca</subfield>
      </datafield>
      <datafield tag="368" ind1=" " ind2=" ">
         <subfield code="a">Institution</subfield>
         <subfield code="a">Archive</subfield>
         <subfield code="a">Library</subfield>
      </datafield>
      <datafield tag="371" ind1=" " ind2=" ">
         <subfield code="a">2150 East Evans Avenue</subfield>
         <subfield code="a">Lower Level of the Anderson Academic Commons</subfield>
         <subfield code="b">Denver, CO</subfield>
         <subfield code="c">Colorado</subfield>
         <subfield code="d">USA</subfield>
         <subfield code="e">80208</subfield>
         <subfield code="m">archives@du.edu</subfield>
         <subfield code="u">https://library.du.edu/collections-library-materials/special-collections-archives</subfield>
         <subfield code="z">tel: +1 / 303 871 3428</subfield>
      </datafield>
      <datafield tag="551" ind1="1" ind2=" ">
         <subfield code="a">Denver, CO</subfield>
         <subfield code="0">places/3903418</subfield>
      </datafield>
   </record>