
   <record>
      <leader>00000nz  a2200000nc 4500</leader>
      <controlfield tag="001">institutions/51008868</controlfield>
      <controlfield tag="003">DE-633</controlfield>
      <controlfield tag="005">20250626083511.0</controlfield>
      <controlfield tag="008">250626||||z|||a|||||||||||||||||n||||||d</controlfield>
      <datafield tag="024" ind1="7" ind2=" ">
         <subfield code="a">49168507575548491880</subfield>
         <subfield code="2">VIAF</subfield>
      </datafield>
      <datafield tag="024" ind1="7" ind2=" ">
         <subfield code="a">US-GRImoa</subfield>
         <subfield code="q">siglum</subfield>
         <subfield code="2">rism</subfield>
      </datafield>
      <datafield tag="034" ind1="1" ind2=" ">
         <subfield code="d">-92.72134990301346</subfield>
         <subfield code="f">41.74632626169273</subfield>
      </datafield>
      <datafield tag="040" ind1=" " ind2=" ">
         <subfield code="a">DE-633</subfield>
         <subfield code="c">DE-633</subfield>
         <subfield code="e">rismg</subfield>
      </datafield>
      <datafield tag="043" ind1=" " ind2=" ">
         <subfield code="c">XD-US</subfield>
      </datafield>
      <datafield tag="110" ind1="1" ind2=" ">
         <subfield code="a">Grinnell College Museum of Art</subfield>
         <subfield code="c">Grinnell, IA</subfield>
         <subfield code="g">US-GRImoa</subfield>
      </datafield>
      <datafield tag="368" ind1=" " ind2=" ">
         <subfield code="a">Institution</subfield>
         <subfield code="a">Library</subfield>
         <subfield code="a">Museum</subfield>
      </datafield>
      <datafield tag="371" ind1=" " ind2=" ">
         <subfield code="a">Bucksbaum Center for the Arts</subfield>
         <subfield code="a">1108 Park St</subfield>
         <subfield code="b">Grinnell, IA</subfield>
         <subfield code="c">Iowa</subfield>
         <subfield code="d">USA</subfield>
         <subfield code="e">50112</subfield>
         <subfield code="m">gcmoa@grinnell.edu</subfield>
         <subfield code="u">https://www.grinnell.edu/campus-life/arts-culture/museum</subfield>
         <subfield code="z">tel: +1 / 641-269-4660</subfield>
      </datafield>
      <datafield tag="551" ind1="1" ind2=" ">
         <subfield code="a">Grinnell, IA</subfield>
         <subfield code="0">places/50021606</subfield>
      </datafield>
   </record>