
   <record>
      <leader>00000nz  a2200000nc 4500</leader>
      <controlfield tag="001">institutions/51008867</controlfield>
      <controlfield tag="003">DE-633</controlfield>
      <controlfield tag="005">20250626082652.0</controlfield>
      <controlfield tag="008">250626||||z|||a|||||||||||||||||n||||||d</controlfield>
      <datafield tag="024" ind1="7" ind2=" ">
         <subfield code="a">US-GRIspca</subfield>
         <subfield code="q">siglum</subfield>
         <subfield code="2">rism</subfield>
      </datafield>
      <datafield tag="034" ind1="1" ind2=" ">
         <subfield code="d">-92.72028772600731</subfield>
         <subfield code="f">41.7466210220028</subfield>
      </datafield>
      <datafield tag="040" ind1=" " ind2=" ">
         <subfield code="a">DE-633</subfield>
         <subfield code="c">DE-633</subfield>
         <subfield code="e">rismg</subfield>
      </datafield>
      <datafield tag="043" ind1=" " ind2=" ">
         <subfield code="c">XD-US</subfield>
      </datafield>
      <datafield tag="110" ind1="1" ind2=" ">
         <subfield code="a">Grinnell College, Burling Library, Special Collections and Archives</subfield>
         <subfield code="c">Grinnell, IA</subfield>
         <subfield code="g">US-GRIspca</subfield>
      </datafield>
      <datafield tag="368" ind1=" " ind2=" ">
         <subfield code="a">Institution</subfield>
         <subfield code="a">Archive</subfield>
         <subfield code="a">Library</subfield>
      </datafield>
      <datafield tag="371" ind1=" " ind2=" ">
         <subfield code="a">1111 6th Ave</subfield>
         <subfield code="b">Grinnell, IA</subfield>
         <subfield code="c">Iowa</subfield>
         <subfield code="d">USA</subfield>
         <subfield code="e">50112</subfield>
         <subfield code="m">haackall@grinnell.edu</subfield>
         <subfield code="u">https://www.grinnell.edu/academics/libraries</subfield>
         <subfield code="z">contact: Allison Haack</subfield>
         <subfield code="z">tel: +1 / 641-269-3364</subfield>
      </datafield>
      <datafield tag="551" ind1="1" ind2=" ">
         <subfield code="a">Grinnell, IA</subfield>
         <subfield code="0">places/50021606</subfield>
      </datafield>
   </record>