
   <record>
      <leader>00000nz  a2200000nc 4500</leader>
      <controlfield tag="001">institutions/51008716</controlfield>
      <controlfield tag="003">DE-633</controlfield>
      <controlfield tag="005">20250620052324.0</controlfield>
      <controlfield tag="008">250505||||z|||a|||||||||||||||||n||||||d</controlfield>
      <datafield tag="024" ind1="7" ind2=" ">
         <subfield code="a">Q105185232</subfield>
         <subfield code="2">WKP</subfield>
      </datafield>
      <datafield tag="024" ind1="7" ind2=" ">
         <subfield code="a">US-HBspc</subfield>
         <subfield code="q">siglum</subfield>
         <subfield code="2">rism</subfield>
      </datafield>
      <datafield tag="034" ind1="1" ind2=" ">
         <subfield code="d">-78.87202026401388</subfield>
         <subfield code="f">38.43878534287678</subfield>
      </datafield>
      <datafield tag="040" ind1=" " ind2=" ">
         <subfield code="a">DE-633</subfield>
         <subfield code="b">ger</subfield>
         <subfield code="c">DE-633</subfield>
         <subfield code="e">rismg</subfield>
      </datafield>
      <datafield tag="043" ind1=" " ind2=" ">
         <subfield code="c">XD-US</subfield>
      </datafield>
      <datafield tag="110" ind1="1" ind2=" ">
         <subfield code="a">James Madison University Libraries, Special Collections</subfield>
         <subfield code="c">Harrisonburg, VA</subfield>
         <subfield code="g">US-HBspc</subfield>
      </datafield>
      <datafield tag="368" ind1=" " ind2=" ">
         <subfield code="a">Institution</subfield>
         <subfield code="a">Library</subfield>
      </datafield>
      <datafield tag="371" ind1=" " ind2=" ">
         <subfield code="a">Carrier Library</subfield>
         <subfield code="a">880 Madison Drive</subfield>
         <subfield code="b">Harrisonburg, VA</subfield>
         <subfield code="c">Virginia</subfield>
         <subfield code="d">USA</subfield>
         <subfield code="e">22807</subfield>
         <subfield code="m">library-special@jmu.edu</subfield>
         <subfield code="u">https://www.lib.jmu.edu/special/</subfield>
         <subfield code="z">tel: +1 / (540) 568-3612</subfield>
      </datafield>
      <datafield tag="551" ind1="1" ind2=" ">
         <subfield code="a">Harrisonburg, VA</subfield>
         <subfield code="0">places/3903439</subfield>
      </datafield>
   </record>