
   <record>
      <leader>00000nz  a2200000nc 4500</leader>
      <controlfield tag="001">institutions/51000652</controlfield>
      <controlfield tag="003">DE-633</controlfield>
      <controlfield tag="005">20250620052238.0</controlfield>
      <controlfield tag="008">180215||||z|||a|||||||||||||||||n||||||d</controlfield>
      <datafield tag="024" ind1="7" ind2=" ">
         <subfield code="a">US-HONasato</subfield>
         <subfield code="q">siglum</subfield>
         <subfield code="2">rism</subfield>
      </datafield>
      <datafield tag="040" ind1=" " ind2=" ">
         <subfield code="a">DE-633</subfield>
         <subfield code="c">DE-633</subfield>
         <subfield code="e">rismg</subfield>
      </datafield>
      <datafield tag="043" ind1=" " ind2=" ">
         <subfield code="c">XD-US</subfield>
      </datafield>
      <datafield tag="110" ind1="1" ind2=" ">
         <subfield code="a">Private library of Michael and Elina Asato</subfield>
         <subfield code="c">Honolulu, HI</subfield>
         <subfield code="g">US-HONasato</subfield>
      </datafield>
      <datafield tag="368" ind1=" " ind2=" ">
         <subfield code="a">Institution</subfield>
         <subfield code="a">Library</subfield>
      </datafield>
      <datafield tag="371" ind1=" " ind2=" ">
         <subfield code="m">michael.asato.cuthbert@gmail.com</subfield>
         <subfield code="m">elina808@hawaii.edu</subfield>
      </datafield>
      <datafield tag="410" ind1=" " ind2=" ">
         <subfield code="a">Private library of Michael Scott Cuthbert and Elina Hamilton</subfield>
      </datafield>
      <datafield tag="551" ind1="1" ind2=" ">
         <subfield code="a">Honolulu, HI</subfield>
         <subfield code="0">places/3904131</subfield>
      </datafield>
      <datafield tag="678" ind1="1" ind2=" ">
         <subfield code="a">Previous siglum: US-SOMcuthberthamilton (Somerville, MA)</subfield>
      </datafield>
      <datafield tag="680" ind1="1" ind2=" ">
         <subfield code="a">Michael and Elina Asato hold a 14th century treatise manuscript (Lat. 11 in the collection) containing a selection otherwise known from the Berkeley Treatise, US-BEb, MS 0744.</subfield>
      </datafield>
   </record>