
   <record>
      <leader>00000nz  a2200000nc 4500</leader>
      <controlfield tag="001">institutions/51008717</controlfield>
      <controlfield tag="003">DE-633</controlfield>
      <controlfield tag="005">20250620052324.0</controlfield>
      <controlfield tag="008">250505||||z|||a|||||||||||||||||n||||||d</controlfield>
      <datafield tag="024" ind1="7" ind2=" ">
         <subfield code="a">Q108878346</subfield>
         <subfield code="2">WKP</subfield>
      </datafield>
      <datafield tag="024" ind1="7" ind2=" ">
         <subfield code="a">US-HOUspc</subfield>
         <subfield code="q">siglum</subfield>
         <subfield code="2">rism</subfield>
      </datafield>
      <datafield tag="034" ind1="1" ind2=" ">
         <subfield code="d">-95.34203727459143</subfield>
         <subfield code="f">29.721093292541823</subfield>
      </datafield>
      <datafield tag="040" ind1=" " ind2=" ">
         <subfield code="a">DE-633</subfield>
         <subfield code="b">ger</subfield>
         <subfield code="c">DE-633</subfield>
         <subfield code="e">rismg</subfield>
      </datafield>
      <datafield tag="043" ind1=" " ind2=" ">
         <subfield code="c">XD-US</subfield>
      </datafield>
      <datafield tag="110" ind1="1" ind2=" ">
         <subfield code="a">University of Houston Libraries, Special Collections</subfield>
         <subfield code="c">Houston, TX</subfield>
         <subfield code="g">US-HOUspc</subfield>
      </datafield>
      <datafield tag="368" ind1=" " ind2=" ">
         <subfield code="a">Institution</subfield>
         <subfield code="a">Library</subfield>
      </datafield>
      <datafield tag="371" ind1=" " ind2=" ">
         <subfield code="a">MD Anderson Library</subfield>
         <subfield code="a">4333 University Drive</subfield>
         <subfield code="b">Houston, TX</subfield>
         <subfield code="c">Texas</subfield>
         <subfield code="d">USA</subfield>
         <subfield code="e">77204-2000</subfield>
         <subfield code="m">cdkelleher@uh.edu</subfield>
         <subfield code="u">https://libraries.uh.edu/special-collections/</subfield>
         <subfield code="z">tel: +1 / 713-743-9750</subfield>
         <subfield code="z">contact: Christian Kelleher</subfield>
      </datafield>
      <datafield tag="410" ind1=" " ind2=" ">
         <subfield code="a">UH Libraries, Special Collections</subfield>
      </datafield>
      <datafield tag="551" ind1="1" ind2=" ">
         <subfield code="a">Houston, TX</subfield>
         <subfield code="0">places/3904132</subfield>
      </datafield>
   </record>