
   <record>
      <leader>00000nz  a2200000nc 4500</leader>
      <controlfield tag="001">institutions/51007160</controlfield>
      <controlfield tag="003">DE-633</controlfield>
      <controlfield tag="005">20250620052313.0</controlfield>
      <controlfield tag="008">230413||||z|||a|||||||||||||||||n||||||d</controlfield>
      <datafield tag="024" ind1="7" ind2=" ">
         <subfield code="a">US-IOspca</subfield>
         <subfield code="q">siglum</subfield>
         <subfield code="2">rism</subfield>
      </datafield>
      <datafield tag="034" ind1="1" ind2=" ">
         <subfield code="d">-91.5384399744344</subfield>
         <subfield code="f">41.659543155676324</subfield>
      </datafield>
      <datafield tag="040" ind1=" " ind2=" ">
         <subfield code="a">DE-633</subfield>
         <subfield code="c">DE-633</subfield>
         <subfield code="e">rismg</subfield>
      </datafield>
      <datafield tag="043" ind1=" " ind2=" ">
         <subfield code="c">XD-US</subfield>
      </datafield>
      <datafield tag="110" ind1="1" ind2=" ">
         <subfield code="a">University of Iowa Libraries, Special Collections and Archives</subfield>
         <subfield code="c">Iowa City</subfield>
         <subfield code="g">US-IOspca</subfield>
      </datafield>
      <datafield tag="368" ind1=" " ind2=" ">
         <subfield code="a">Institution</subfield>
         <subfield code="a">Library</subfield>
      </datafield>
      <datafield tag="371" ind1=" " ind2=" ">
         <subfield code="a">100 Main Library</subfield>
         <subfield code="a">125 West Washington St.</subfield>
         <subfield code="b">Iowa City, IA 52242-1420</subfield>
         <subfield code="c">Iowa</subfield>
         <subfield code="d">USA</subfield>
         <subfield code="m">lib-spec@uiowa.edu</subfield>
         <subfield code="u">https://www.lib.uiowa.edu/sc/</subfield>
         <subfield code="z">tel: +1 / (319) 335-5921</subfield>
      </datafield>
      <datafield tag="551" ind1="1" ind2=" ">
         <subfield code="a">Iowa City, IA</subfield>
         <subfield code="0">places/3903445</subfield>
      </datafield>
   </record>