
   <record>
      <leader>00000nz  a2200000nc 4500</leader>
      <controlfield tag="001">institutions/51004506</controlfield>
      <controlfield tag="003">DE-633</controlfield>
      <controlfield tag="005">20250620052256.0</controlfield>
      <controlfield tag="008">201102||||z|||a|||||||||||||||||n||||||d</controlfield>
      <datafield tag="024" ind1="7" ind2=" ">
         <subfield code="a">153999899</subfield>
         <subfield code="2">VIAF</subfield>
      </datafield>
      <datafield tag="024" ind1="7" ind2=" ">
         <subfield code="a">US-KClbsc</subfield>
         <subfield code="q">siglum</subfield>
         <subfield code="2">rism</subfield>
      </datafield>
      <datafield tag="034" ind1="1" ind2=" ">
         <subfield code="d">-94.57653096689027</subfield>
         <subfield code="f">39.03503907954968</subfield>
      </datafield>
      <datafield tag="040" ind1=" " ind2=" ">
         <subfield code="a">DE-633</subfield>
         <subfield code="c">DE-633</subfield>
         <subfield code="e">rismg</subfield>
      </datafield>
      <datafield tag="043" ind1=" " ind2=" ">
         <subfield code="c">XD-US</subfield>
      </datafield>
      <datafield tag="110" ind1="1" ind2=" ">
         <subfield code="a">The University of Missouri - Kansas City, LaBudde Special Collections</subfield>
         <subfield code="c">Kansas City, MO</subfield>
         <subfield code="g">US-KClbsc</subfield>
      </datafield>
      <datafield tag="368" ind1=" " ind2=" ">
         <subfield code="a">Institution</subfield>
         <subfield code="a">Library</subfield>
      </datafield>
      <datafield tag="371" ind1=" " ind2=" ">
         <subfield code="a">Miller Nichols Library</subfield>
         <subfield code="a">800 East 51st Street</subfield>
         <subfield code="b">Kansas City, MO 64110</subfield>
         <subfield code="c">Missouri</subfield>
         <subfield code="d">USA</subfield>
         <subfield code="m">lindysmith@umkc.edu</subfield>
         <subfield code="u">https://library.umkc.edu/labudde</subfield>
         <subfield code="z">contact: Lindy Smith</subfield>
         <subfield code="z">tel: +1 / (816) / 235-1539</subfield>
      </datafield>
      <datafield tag="510" ind1="1" ind2=" ">
         <subfield code="a">UMKC Libraries</subfield>
      </datafield>
      <datafield tag="551" ind1="1" ind2=" ">
         <subfield code="a">Kansas City, MO</subfield>
         <subfield code="0">places/3008749</subfield>
      </datafield>
      <datafield tag="667" ind1=" " ind2=" ">
         <subfield code="a">Published sources: 2</subfield>
      </datafield>
   </record>