
   <record>
      <leader>00000nz  a2200000nc 4500</leader>
      <controlfield tag="001">institutions/51008475</controlfield>
      <controlfield tag="003">DE-633</controlfield>
      <controlfield tag="005">20250620052322.0</controlfield>
      <controlfield tag="008">250121||||z|||a|||||||||||||||||n||||||d</controlfield>
      <datafield tag="024" ind1="7" ind2=" ">
         <subfield code="a">124432316</subfield>
         <subfield code="2">VIAF</subfield>
      </datafield>
      <datafield tag="024" ind1="7" ind2=" ">
         <subfield code="a">Q4743983</subfield>
         <subfield code="2">WKP</subfield>
      </datafield>
      <datafield tag="024" ind1="7" ind2=" ">
         <subfield code="a">US-LARahc</subfield>
         <subfield code="q">siglum</subfield>
         <subfield code="2">rism</subfield>
      </datafield>
      <datafield tag="034" ind1="1" ind2=" ">
         <subfield code="d">-105.56793900426756</subfield>
         <subfield code="f">41.3145761297042</subfield>
      </datafield>
      <datafield tag="040" ind1=" " ind2=" ">
         <subfield code="a">DE-633</subfield>
         <subfield code="b">ger</subfield>
         <subfield code="c">DE-633</subfield>
         <subfield code="e">rismg</subfield>
      </datafield>
      <datafield tag="043" ind1=" " ind2=" ">
         <subfield code="c">XD-US</subfield>
      </datafield>
      <datafield tag="110" ind1="1" ind2=" ">
         <subfield code="a">University of Wyoming - American Heritage Center</subfield>
         <subfield code="c">Laramie, WY</subfield>
         <subfield code="g">US-LARahc</subfield>
      </datafield>
      <datafield tag="368" ind1=" " ind2=" ">
         <subfield code="a">Institution</subfield>
         <subfield code="a">Archive</subfield>
         <subfield code="a">Library</subfield>
      </datafield>
      <datafield tag="371" ind1=" " ind2=" ">
         <subfield code="a">Centennial Complex</subfield>
         <subfield code="a">2111 Willett Drive</subfield>
         <subfield code="b">Laramie, WY</subfield>
         <subfield code="c">Wyoming</subfield>
         <subfield code="d">USA</subfield>
         <subfield code="e">WY 82071</subfield>
         <subfield code="m">ahcref@uwyo.edu</subfield>
         <subfield code="u">https://www.uwyo.edu/ahc/</subfield>
         <subfield code="z">tel: +1 / (307) 766-4114</subfield>
      </datafield>
      <datafield tag="551" ind1="1" ind2=" ">
         <subfield code="a">Laramie, WY</subfield>
         <subfield code="0">places/50018009</subfield>
      </datafield>
   </record>