
   <record>
      <leader>00000nz  a2200000nc 4500</leader>
      <controlfield tag="001">institutions/51004410</controlfield>
      <controlfield tag="003">DE-633</controlfield>
      <controlfield tag="005">20250620052255.0</controlfield>
      <controlfield tag="008">201001||||z|||a|||||||||||||||||n||||||d</controlfield>
      <datafield tag="024" ind1="7" ind2=" ">
         <subfield code="a">US-LEXcam</subfield>
         <subfield code="q">siglum</subfield>
         <subfield code="2">rism</subfield>
      </datafield>
      <datafield tag="034" ind1="1" ind2=" ">
         <subfield code="d">-84.501910</subfield>
         <subfield code="f">38.036994</subfield>
      </datafield>
      <datafield tag="040" ind1=" " ind2=" ">
         <subfield code="a">DE-633</subfield>
         <subfield code="c">DE-633</subfield>
         <subfield code="e">rismg</subfield>
      </datafield>
      <datafield tag="043" ind1=" " ind2=" ">
         <subfield code="c">XD-US</subfield>
      </datafield>
      <datafield tag="110" ind1="1" ind2=" ">
         <subfield code="a">The John Jacob Niles Gallery and Center for American Music</subfield>
         <subfield code="c">Lexington, KY</subfield>
         <subfield code="g">US-LEXcam</subfield>
      </datafield>
      <datafield tag="368" ind1=" " ind2=" ">
         <subfield code="a">Institution</subfield>
         <subfield code="a">Library</subfield>
      </datafield>
      <datafield tag="371" ind1=" " ind2=" ">
         <subfield code="a">School of Music</subfield>
         <subfield code="a">105 Fine Arts Building</subfield>
         <subfield code="a">465 Rose Street</subfield>
         <subfield code="b">Lexington, KY 40506-0022</subfield>
         <subfield code="c">Kentucky</subfield>
         <subfield code="d">USA</subfield>
         <subfield code="m">music@uky.edu</subfield>
         <subfield code="u">https://finearts.uky.edu/music/john-jacob-niles-gallery-and-center-american-music</subfield>
         <subfield code="z">+1 / 859 / 257-4900</subfield>
      </datafield>
      <datafield tag="410" ind1=" " ind2=" ">
         <subfield code="a">University of Kentucky</subfield>
      </datafield>
      <datafield tag="410" ind1=" " ind2=" ">
         <subfield code="a">College of Fine Arts</subfield>
      </datafield>
      <datafield tag="410" ind1=" " ind2=" ">
         <subfield code="a">School of Music</subfield>
      </datafield>
      <datafield tag="551" ind1="1" ind2=" ">
         <subfield code="a">Lexington, KY</subfield>
         <subfield code="0">places/3903456</subfield>
      </datafield>
   </record>