
   <record>
      <leader>00000nz  a2200000nc 4500</leader>
      <controlfield tag="001">institutions/30004233</controlfield>
      <controlfield tag="003">DE-633</controlfield>
      <controlfield tag="005">20250620052028.0</controlfield>
      <controlfield tag="008">161109||||z|||a|||||||||||||||||n||||||d</controlfield>
      <datafield tag="024" ind1="7" ind2=" ">
         <subfield code="a">US-LIhs</subfield>
         <subfield code="q">siglum</subfield>
         <subfield code="2">rism</subfield>
      </datafield>
      <datafield tag="034" ind1="1" ind2=" ">
         <subfield code="d">-96.69963973103744</subfield>
         <subfield code="f">40.81711706615231</subfield>
      </datafield>
      <datafield tag="040" ind1=" " ind2=" ">
         <subfield code="a">DE-633</subfield>
         <subfield code="c">DE-633</subfield>
         <subfield code="e">rismg</subfield>
      </datafield>
      <datafield tag="043" ind1=" " ind2=" ">
         <subfield code="c">XD-US</subfield>
      </datafield>
      <datafield tag="110" ind1="1" ind2=" ">
         <subfield code="a">Nebraska State Historical Society Library and State Archives</subfield>
         <subfield code="c">Lincoln, NE</subfield>
         <subfield code="g">US-LIhs</subfield>
      </datafield>
      <datafield tag="368" ind1=" " ind2=" ">
         <subfield code="a">Institution</subfield>
         <subfield code="a">Library</subfield>
      </datafield>
      <datafield tag="371" ind1=" " ind2=" ">
         <subfield code="a">1500 R St.</subfield>
         <subfield code="a">P.O. Box 82554</subfield>
         <subfield code="b">Lincoln, NE 68508</subfield>
         <subfield code="c">Nebraska</subfield>
         <subfield code="d">USA</subfield>
         <subfield code="u">https://www.nebraskahistory.org/lib-arch/index.shtml</subfield>
         <subfield code="z">tel: +1 / 402-471-4751</subfield>
      </datafield>
      <datafield tag="551" ind1="1" ind2=" ">
         <subfield code="a">Lincoln, NE</subfield>
         <subfield code="0">places/3904138</subfield>
      </datafield>
   </record>