
   <record>
      <leader>00000nz  a2200000nc 4500</leader>
      <controlfield tag="001">institutions/51008718</controlfield>
      <controlfield tag="003">DE-633</controlfield>
      <controlfield tag="005">20250620052324.0</controlfield>
      <controlfield tag="008">250506||||z|||a|||||||||||||||||n||||||d</controlfield>
      <datafield tag="024" ind1="7" ind2=" ">
         <subfield code="a">132930275</subfield>
         <subfield code="2">VIAF</subfield>
      </datafield>
      <datafield tag="024" ind1="7" ind2=" ">
         <subfield code="a">Q114994926</subfield>
         <subfield code="2">WKP</subfield>
      </datafield>
      <datafield tag="024" ind1="7" ind2=" ">
         <subfield code="a">US-LOG</subfield>
         <subfield code="q">siglum</subfield>
         <subfield code="2">rism</subfield>
      </datafield>
      <datafield tag="034" ind1="1" ind2=" ">
         <subfield code="d">-111.80973107748505</subfield>
         <subfield code="f">41.74211978887179</subfield>
      </datafield>
      <datafield tag="040" ind1=" " ind2=" ">
         <subfield code="a">DE-633</subfield>
         <subfield code="b">ger</subfield>
         <subfield code="c">DE-633</subfield>
         <subfield code="e">rismg</subfield>
      </datafield>
      <datafield tag="043" ind1=" " ind2=" ">
         <subfield code="c">XD-US</subfield>
      </datafield>
      <datafield tag="110" ind1="1" ind2=" ">
         <subfield code="a">Utah State University Libraries, Special Collections &amp; Archives</subfield>
         <subfield code="c">Logan, UT</subfield>
         <subfield code="g">US-LOG</subfield>
      </datafield>
      <datafield tag="368" ind1=" " ind2=" ">
         <subfield code="a">Institution</subfield>
         <subfield code="a">Library</subfield>
      </datafield>
      <datafield tag="371" ind1=" " ind2=" ">
         <subfield code="a">Merrill-Cazier Library, Lower Level</subfield>
         <subfield code="a">3000 Old Main Hill</subfield>
         <subfield code="b">Logan, UT</subfield>
         <subfield code="c">Utah</subfield>
         <subfield code="d">USA</subfield>
         <subfield code="e">84321</subfield>
         <subfield code="m">scweb@usu.edu</subfield>
         <subfield code="u">https://library.usu.edu/archives/</subfield>
         <subfield code="z">tel: +1 / (435) 797-8248</subfield>
      </datafield>
      <datafield tag="551" ind1="1" ind2=" ">
         <subfield code="a">Logan, UT</subfield>
         <subfield code="0">places/50016108</subfield>
      </datafield>
   </record>