
   <record>
      <leader>00000nz  a2200000nc 4500</leader>
      <controlfield tag="001">institutions/30002325</controlfield>
      <controlfield tag="003">DE-633</controlfield>
      <controlfield tag="005">20250620052012.0</controlfield>
      <controlfield tag="008">161109||||z|||a|||||||||||||||||n||||||d</controlfield>
      <datafield tag="024" ind1="7" ind2=" ">
         <subfield code="a">US-LOs</subfield>
         <subfield code="q">siglum</subfield>
         <subfield code="2">rism</subfield>
      </datafield>
      <datafield tag="034" ind1="1" ind2=" ">
         <subfield code="d">-85.687548</subfield>
         <subfield code="f">38.248189</subfield>
      </datafield>
      <datafield tag="040" ind1=" " ind2=" ">
         <subfield code="a">DE-633</subfield>
         <subfield code="c">DE-633</subfield>
         <subfield code="e">rismg</subfield>
      </datafield>
      <datafield tag="043" ind1=" " ind2=" ">
         <subfield code="c">XD-US</subfield>
      </datafield>
      <datafield tag="110" ind1="1" ind2=" ">
         <subfield code="a">Southern Baptist Theological Seminary, James P. Boyce Centennial Library</subfield>
         <subfield code="c">Louisville, KY</subfield>
         <subfield code="g">US-LOs</subfield>
      </datafield>
      <datafield tag="368" ind1=" " ind2=" ">
         <subfield code="a">Institution</subfield>
         <subfield code="a">Library</subfield>
      </datafield>
      <datafield tag="371" ind1=" " ind2=" ">
         <subfield code="a">2825 Lexington Rd.</subfield>
         <subfield code="a">Norton Hall</subfield>
         <subfield code="b">Louisville, KY, 40206</subfield>
         <subfield code="c">Kentucky</subfield>
         <subfield code="d">USA</subfield>
         <subfield code="u">https://library.sbts.edu/</subfield>
         <subfield code="z">tel: +1 / 502 / 897–4713</subfield>
      </datafield>
      <datafield tag="410" ind1=" " ind2=" ">
         <subfield code="a">Archives and Special Collections</subfield>
      </datafield>
      <datafield tag="410" ind1=" " ind2=" ">
         <subfield code="a">Southern Baptist Theological Seminary, Church Music Library</subfield>
      </datafield>
      <datafield tag="551" ind1="1" ind2=" ">
         <subfield code="a">Louisville, KY</subfield>
         <subfield code="0">places/3903457</subfield>
      </datafield>
      <datafield tag="667" ind1=" " ind2=" ">
         <subfield code="a">Published sources: 11</subfield>
      </datafield>
      <datafield tag="856" ind1="1" ind2=" ">
         <subfield code="u">https://archives.sbts.edu/</subfield>
         <subfield code="z">About the Archives and Special Collections.</subfield>
      </datafield>
   </record>