
   <record>
      <leader>00000nz  a2200000nc 4500</leader>
      <controlfield tag="001">institutions/51008710</controlfield>
      <controlfield tag="003">DE-633</controlfield>
      <controlfield tag="005">20250620052324.0</controlfield>
      <controlfield tag="008">250505||||z|||a|||||||||||||||||n||||||d</controlfield>
      <datafield tag="024" ind1="7" ind2=" ">
         <subfield code="a">US-MAL</subfield>
         <subfield code="q">siglum</subfield>
         <subfield code="2">rism</subfield>
      </datafield>
      <datafield tag="034" ind1="1" ind2=" ">
         <subfield code="d">-118.7066477562714</subfield>
         <subfield code="f">34.03870899943419</subfield>
      </datafield>
      <datafield tag="040" ind1=" " ind2=" ">
         <subfield code="a">DE-633</subfield>
         <subfield code="b">ger</subfield>
         <subfield code="c">DE-633</subfield>
         <subfield code="e">rismg</subfield>
      </datafield>
      <datafield tag="043" ind1=" " ind2=" ">
         <subfield code="c">XD-US</subfield>
      </datafield>
      <datafield tag="110" ind1="1" ind2=" ">
         <subfield code="a">Pepperdine University, Boone Special Collections and Archives</subfield>
         <subfield code="c">Malibu, CA</subfield>
         <subfield code="g">US-MAL</subfield>
      </datafield>
      <datafield tag="368" ind1=" " ind2=" ">
         <subfield code="a">Institution</subfield>
         <subfield code="a">Library</subfield>
      </datafield>
      <datafield tag="371" ind1=" " ind2=" ">
         <subfield code="a">Payson Library</subfield>
         <subfield code="a">24255 Pacific Coast Highway</subfield>
         <subfield code="b">Malibu, CA</subfield>
         <subfield code="c">California</subfield>
         <subfield code="d">USA</subfield>
         <subfield code="e">90263-4786</subfield>
         <subfield code="m">christopher.miehl@pepperdine.edu</subfield>
         <subfield code="u">https://library.pepperdine.edu/collections/special-collections/</subfield>
         <subfield code="z">contact: Christopher Miehl</subfield>
         <subfield code="z">tel: +1 / 310.506.4323</subfield>
      </datafield>
      <datafield tag="551" ind1="1" ind2=" ">
         <subfield code="a">Malibu, CA</subfield>
         <subfield code="0">places/3904570</subfield>
      </datafield>
   </record>