
   <record>
      <leader>00000nz  a2200000nc 4500</leader>
      <controlfield tag="001">institutions/51008726</controlfield>
      <controlfield tag="003">DE-633</controlfield>
      <controlfield tag="005">20250620052324.0</controlfield>
      <controlfield tag="008">250506||||z|||a|||||||||||||||||n||||||d</controlfield>
      <datafield tag="024" ind1="7" ind2=" ">
         <subfield code="a">US-MSH</subfield>
         <subfield code="q">siglum</subfield>
         <subfield code="2">rism</subfield>
      </datafield>
      <datafield tag="034" ind1="1" ind2=" ">
         <subfield code="d">-80.19788540352901</subfield>
         <subfield code="f">25.879100577284845</subfield>
      </datafield>
      <datafield tag="040" ind1=" " ind2=" ">
         <subfield code="a">DE-633</subfield>
         <subfield code="b">ger</subfield>
         <subfield code="c">DE-633</subfield>
         <subfield code="e">rismg</subfield>
      </datafield>
      <datafield tag="043" ind1=" " ind2=" ">
         <subfield code="c">XD-US</subfield>
      </datafield>
      <datafield tag="110" ind1="1" ind2=" ">
         <subfield code="a">Barry University, Main Archives Rare Book Room</subfield>
         <subfield code="c">Miami Shores, FL</subfield>
         <subfield code="g">US-MSH</subfield>
      </datafield>
      <datafield tag="368" ind1=" " ind2=" ">
         <subfield code="a">Institution</subfield>
         <subfield code="a">Library</subfield>
      </datafield>
      <datafield tag="371" ind1=" " ind2=" ">
         <subfield code="a">Lehman Hall</subfield>
         <subfield code="b">Miami Shores, FL</subfield>
         <subfield code="c">Florida</subfield>
         <subfield code="d">USA</subfield>
         <subfield code="e">33168</subfield>
         <subfield code="m">archives@barry.edu</subfield>
         <subfield code="u">https://www.barry.edu/en/library/</subfield>
         <subfield code="z">tel: +1 / 305-899-3027</subfield>
      </datafield>
      <datafield tag="510" ind1="2" ind2=" ">
         <subfield code="a">Monsignor William Barry Memorial Library</subfield>
         <subfield code="w">t</subfield>
      </datafield>
      <datafield tag="551" ind1="1" ind2=" ">
         <subfield code="a">Miami Shores, FL</subfield>
         <subfield code="0">places/50021483</subfield>
      </datafield>
   </record>