
   <record>
      <leader>00000nz  a2200000nc 4500</leader>
      <controlfield tag="001">institutions/51002829</controlfield>
      <controlfield tag="003">DE-633</controlfield>
      <controlfield tag="005">20250620052247.0</controlfield>
      <controlfield tag="008">190318||||z|||a|||||||||||||||||n||||||d</controlfield>
      <datafield tag="024" ind1="7" ind2=" ">
         <subfield code="a">US-MUTN</subfield>
         <subfield code="q">siglum</subfield>
         <subfield code="2">rism</subfield>
      </datafield>
      <datafield tag="034" ind1="1" ind2=" ">
         <subfield code="d">-86.362660</subfield>
         <subfield code="f">35.846987</subfield>
      </datafield>
      <datafield tag="040" ind1=" " ind2=" ">
         <subfield code="a">DE-633</subfield>
         <subfield code="c">DE-633</subfield>
         <subfield code="e">rismg</subfield>
      </datafield>
      <datafield tag="043" ind1=" " ind2=" ">
         <subfield code="c">XD-US</subfield>
      </datafield>
      <datafield tag="110" ind1="1" ind2=" ">
         <subfield code="a">Middle Tennessee State University, Center for Popular Music</subfield>
         <subfield code="c">Murfreesboro, TN</subfield>
         <subfield code="g">US-MUTN</subfield>
      </datafield>
      <datafield tag="368" ind1=" " ind2=" ">
         <subfield code="a">Institution</subfield>
         <subfield code="a">Library</subfield>
         <subfield code="a">Archive</subfield>
      </datafield>
      <datafield tag="371" ind1=" " ind2=" ">
         <subfield code="a">Middle Tennessee State University</subfield>
         <subfield code="a">Bragg Media and Entertainment Building</subfield>
         <subfield code="a">1301 E. Main Street</subfield>
         <subfield code="a">MTSU Box 41</subfield>
         <subfield code="b">Murfreesboro, TN 37132</subfield>
         <subfield code="c">Tennessee</subfield>
         <subfield code="d">USA</subfield>
         <subfield code="m">popular.music@mtsu.edu</subfield>
         <subfield code="u">https://www.mtsu.edu/popmusic/ArchivalCollections.php</subfield>
         <subfield code="z">tel: +1 / 615 / 898-2449</subfield>
      </datafield>
      <datafield tag="551" ind1="1" ind2=" ">
         <subfield code="a">Murfreesboro, TN</subfield>
         <subfield code="0">places/4000127</subfield>
      </datafield>
   </record>