
   <record>
      <leader>00000nz  a2200000nc 4500</leader>
      <controlfield tag="001">institutions/51007945</controlfield>
      <controlfield tag="003">DE-633</controlfield>
      <controlfield tag="005">20250620052318.0</controlfield>
      <controlfield tag="008">240522||||z|||a|||||||||||||||||n||||||d</controlfield>
      <datafield tag="024" ind1="7" ind2=" ">
         <subfield code="a">US-NArosing</subfield>
         <subfield code="q">siglum</subfield>
         <subfield code="2">rism</subfield>
      </datafield>
      <datafield tag="040" ind1=" " ind2=" ">
         <subfield code="a">DE-633</subfield>
         <subfield code="c">DE-633</subfield>
         <subfield code="e">rismg</subfield>
      </datafield>
      <datafield tag="043" ind1=" " ind2=" ">
         <subfield code="c">XD-US</subfield>
      </datafield>
      <datafield tag="110" ind1="1" ind2=" ">
         <subfield code="a">Private collection of Richard Rosing</subfield>
         <subfield code="c">Nashville, TN</subfield>
         <subfield code="g">US-NArosing</subfield>
      </datafield>
      <datafield tag="368" ind1=" " ind2=" ">
         <subfield code="a">Institution</subfield>
         <subfield code="a">Library</subfield>
      </datafield>
      <datafield tag="371" ind1=" " ind2=" ">
         <subfield code="m">richard@rosing.us</subfield>
      </datafield>
      <datafield tag="551" ind1="1" ind2=" ">
         <subfield code="a">Nashville, TN</subfield>
         <subfield code="0">places/3903472</subfield>
      </datafield>
      <datafield tag="678" ind1="1" ind2=" ">
         <subfield code="a">Vladimir Rosing und sein Sohn Gilbert Russell legten mit ihrer Sammeltätigkeit den Grundstein für diesen Bestand.</subfield>
      </datafield>
      <datafield tag="680" ind1="1" ind2=" ">
         <subfield code="a">The materials in this private collection are both originals and copies of articles and reviews from publications in Europe and the US in the period 1908-1992. All relate to the life and career of Vladimir Rosing and have served as source material for two books by Richard Rosing, “Tradition to the Winds: Lyric-Drama Reimagined in the Heart of the Jazz Age, The History of the American Opera Company,” and “In Full Voice: the Political, Social, and Artistic Life of Vladimir Rosing.”  In addition, there is a collection of personal letters, sheet music, audio recordings, photographs, concert programs and autobiographical notes.</subfield>
      </datafield>
      <datafield tag="680" ind1="1" ind2=" ">
         <subfield code="a">The collection also includes copies of source material on notable people important in Vladimir Rosing’s life and work.</subfield>
      </datafield>
      <datafield tag="680" ind1="1" ind2=" ">
         <subfield code="a">Biographical material related to Valerian “Val” Rosing (1910-1969, later known as Gilbert Russell), the jazz singer son of Vladimir Rosing, are also part of the collection.</subfield>
      </datafield>
      <datafield tag="680" ind1="1" ind2=" ">
         <subfield code="a">A collection of original writings along with some original concert programs was donated to the Bakhmeteff Archive of Russian &amp; East European Culture at the Rare Book and Manuscript Library at Columbia University (US-NYcub). This includes edited transcriptions of all of the handwritten materials.</subfield>
      </datafield>
      <datafield tag="680" ind1="1" ind2=" ">
         <subfield code="a">Ein Teil der Sammlung befindet sich heute in US-NYcub und ist dort Teil des Bestandes "The Bakhmeteff Archive".</subfield>
      </datafield>
      <datafield tag="700" ind1="1" ind2=" ">
         <subfield code="a">Rosing, Vladimir</subfield>
         <subfield code="d">1890-1963</subfield>
         <subfield code="0">people/51019159</subfield>
         <subfield code="4">asn</subfield>
      </datafield>
      <datafield tag="700" ind1="1" ind2=" ">
         <subfield code="a">Russell, Gilbert</subfield>
         <subfield code="d">1910-1969</subfield>
         <subfield code="0">people/51019160</subfield>
         <subfield code="4">asn</subfield>
      </datafield>
      <datafield tag="710" ind1="1" ind2=" ">
         <subfield code="a">Columbia University, Butler Library</subfield>
         <subfield code="0">institutions/30000315</subfield>
      </datafield>
      <datafield tag="856" ind1="1" ind2=" ">
         <subfield code="u">https://library.columbia.edu/libraries/rbml/units/bakhmeteff/overview.html</subfield>
         <subfield code="z">History and Overview of the Bakhmeteff Archive</subfield>
      </datafield>
      <datafield tag="856" ind1="1" ind2=" ">
         <subfield code="u">https://clio.columbia.edu/catalog/12954868</subfield>
         <subfield code="z">Finding aid for the Vladimir Rosing papers, 1912-2009, in US-NYcub</subfield>
      </datafield>
   </record>