
   <record>
      <leader>00000nz  a2200000nc 4500</leader>
      <controlfield tag="001">institutions/30006654</controlfield>
      <controlfield tag="003">DE-633</controlfield>
      <controlfield tag="005">20250620052049.0</controlfield>
      <controlfield tag="008">161109||||z|||a|||||||||||||||||n||||||d</controlfield>
      <datafield tag="024" ind1="7" ind2=" ">
         <subfield code="a">US-NDu</subfield>
         <subfield code="q">siglum</subfield>
         <subfield code="2">rism</subfield>
      </datafield>
      <datafield tag="034" ind1="1" ind2=" ">
         <subfield code="d">-86.233895</subfield>
         <subfield code="f">41.697306</subfield>
      </datafield>
      <datafield tag="040" ind1=" " ind2=" ">
         <subfield code="a">DE-633</subfield>
         <subfield code="c">DE-633</subfield>
         <subfield code="e">rismg</subfield>
      </datafield>
      <datafield tag="043" ind1=" " ind2=" ">
         <subfield code="c">XD-US</subfield>
      </datafield>
      <datafield tag="110" ind1="1" ind2=" ">
         <subfield code="a">University of Notre Dame, Music Library</subfield>
         <subfield code="c">Notre Dame, IN</subfield>
         <subfield code="g">US-NDu</subfield>
      </datafield>
      <datafield tag="368" ind1=" " ind2=" ">
         <subfield code="a">Institution</subfield>
         <subfield code="a">Library</subfield>
      </datafield>
      <datafield tag="371" ind1=" " ind2=" ">
         <subfield code="a">310 O'Neill Hall</subfield>
         <subfield code="b">Notre Dame, IN 46556</subfield>
         <subfield code="c">Indiana</subfield>
         <subfield code="d">USA</subfield>
         <subfield code="m">musiclib@nd.edu</subfield>
         <subfield code="u">https://library.nd.edu/music</subfield>
         <subfield code="z">tel: +1 / (574) / 631-8686</subfield>
      </datafield>
      <datafield tag="551" ind1="1" ind2=" ">
         <subfield code="a">Notre Dame, IN</subfield>
         <subfield code="0">places/3904830</subfield>
      </datafield>
      <datafield tag="667" ind1=" " ind2=" ">
         <subfield code="a">Published sources: 1</subfield>
      </datafield>
   </record>