
   <record>
      <leader>00000nz  a2200000nc 4500</leader>
      <controlfield tag="001">institutions/30004262</controlfield>
      <controlfield tag="003">DE-633</controlfield>
      <controlfield tag="005">20250620052028.0</controlfield>
      <controlfield tag="008">161109||||z|||a|||||||||||||||||n||||||d</controlfield>
      <datafield tag="024" ind1="7" ind2=" ">
         <subfield code="a">US-NEij</subfield>
         <subfield code="q">siglum</subfield>
         <subfield code="2">rism</subfield>
      </datafield>
      <datafield tag="034" ind1="2" ind2=" ">
         <subfield code="d">-74.1723667</subfield>
         <subfield code="f">40.735657</subfield>
      </datafield>
      <datafield tag="040" ind1=" " ind2=" ">
         <subfield code="a">DE-633</subfield>
         <subfield code="c">DE-633</subfield>
         <subfield code="e">rismg</subfield>
      </datafield>
      <datafield tag="043" ind1=" " ind2=" ">
         <subfield code="c">XD-US</subfield>
      </datafield>
      <datafield tag="110" ind1="2" ind2=" ">
         <subfield code="a">Rutgers-The State University of New Jersey, Rutgers Institute of Jazz Studies Library</subfield>
         <subfield code="c">Newark, NJ</subfield>
         <subfield code="g">US-NEij</subfield>
      </datafield>
      <datafield tag="368" ind1=" " ind2=" ">
         <subfield code="a">Library</subfield>
      </datafield>
      <datafield tag="368" ind1=" " ind2=" ">
         <subfield code="a">Institution</subfield>
      </datafield>
      <datafield tag="371" ind1=" " ind2=" ">
         <subfield code="a">Rutgers-The State University of New, Jersey, Rutgers Institute of Jazz, Studies Library, Bradley Hall, University Ave., US, -Newark, NJ 07102, Vereinigte Staaten</subfield>
      </datafield>
      <datafield tag="551" ind1=" " ind2=" ">
         <subfield code="a">Newark, NJ</subfield>
         <subfield code="0">places/3901919</subfield>
      </datafield>
   </record>