
   <record>
      <leader>00000nz  a2200000nc 4500</leader>
      <controlfield tag="001">institutions/51006926</controlfield>
      <controlfield tag="003">DE-633</controlfield>
      <controlfield tag="005">20250620052311.0</controlfield>
      <controlfield tag="008">221125||||z|||a|||||||||||||||||n||||||d</controlfield>
      <datafield tag="024" ind1="7" ind2=" ">
         <subfield code="a">130213000</subfield>
         <subfield code="2">VIAF</subfield>
      </datafield>
      <datafield tag="024" ind1="7" ind2=" ">
         <subfield code="a">US-NHalsc</subfield>
         <subfield code="q">siglum</subfield>
         <subfield code="2">rism</subfield>
      </datafield>
      <datafield tag="034" ind1="1" ind2=" ">
         <subfield code="d">-72.93189733118368</subfield>
         <subfield code="f">41.30876785315867</subfield>
      </datafield>
      <datafield tag="040" ind1=" " ind2=" ">
         <subfield code="a">DE-633</subfield>
         <subfield code="c">DE-633</subfield>
         <subfield code="e">rismg</subfield>
      </datafield>
      <datafield tag="043" ind1=" " ind2=" ">
         <subfield code="c">XD-US</subfield>
      </datafield>
      <datafield tag="110" ind1="1" ind2=" ">
         <subfield code="a">Yale University Library, Arts Library Special Collections (ALSC)</subfield>
         <subfield code="c">New Haven, CT</subfield>
         <subfield code="g">US-NHalsc</subfield>
      </datafield>
      <datafield tag="368" ind1=" " ind2=" ">
         <subfield code="a">Institution</subfield>
         <subfield code="a">Library</subfield>
      </datafield>
      <datafield tag="371" ind1=" " ind2=" ">
         <subfield code="a">190 York Street</subfield>
         <subfield code="b">New Haven, CT 06511</subfield>
         <subfield code="c">Connecticut</subfield>
         <subfield code="d">USA</subfield>
         <subfield code="m">arts.library@yale.edu</subfield>
         <subfield code="u">https://web.library.yale.edu/arts</subfield>
         <subfield code="z">tel: +1 / 203-432-2645</subfield>
      </datafield>
      <datafield tag="510" ind1="2" ind2=" ">
         <subfield code="a">Robert B. Haas Family Arts Library</subfield>
      </datafield>
      <datafield tag="551" ind1="1" ind2=" ">
         <subfield code="a">New Haven, CT</subfield>
         <subfield code="0">places/3903475</subfield>
      </datafield>
   </record>