
   <record>
      <leader>00000nz  a2200000nc 4500</leader>
      <controlfield tag="001">institutions/51002957</controlfield>
      <controlfield tag="003">DE-633</controlfield>
      <controlfield tag="005">20250620052247.0</controlfield>
      <controlfield tag="008">190503||||z|||a|||||||||||||||||n||||||d</controlfield>
      <datafield tag="024" ind1="7" ind2=" ">
         <subfield code="a">US-NORjha</subfield>
         <subfield code="q">siglum</subfield>
         <subfield code="2">rism</subfield>
      </datafield>
      <datafield tag="034" ind1="1" ind2=" ">
         <subfield code="d">-90.067297</subfield>
         <subfield code="f">29.958502</subfield>
      </datafield>
      <datafield tag="040" ind1=" " ind2=" ">
         <subfield code="a">DE-633</subfield>
         <subfield code="c">DE-633</subfield>
         <subfield code="e">rismg</subfield>
      </datafield>
      <datafield tag="043" ind1=" " ind2=" ">
         <subfield code="c">XD-US</subfield>
      </datafield>
      <datafield tag="110" ind1="1" ind2=" ">
         <subfield code="a">New Orleans Jazz &amp; Heritage Foundation Archive</subfield>
         <subfield code="c">New Orleans, LA</subfield>
         <subfield code="g">US-NORjha</subfield>
      </datafield>
      <datafield tag="368" ind1=" " ind2=" ">
         <subfield code="a">Institution</subfield>
         <subfield code="a">Library</subfield>
         <subfield code="a">Archive</subfield>
      </datafield>
      <datafield tag="371" ind1=" " ind2=" ">
         <subfield code="a">901 Toulouse St.</subfield>
         <subfield code="b">New Orleans, LA 70112</subfield>
         <subfield code="c">Louisiana</subfield>
         <subfield code="d">USA</subfield>
         <subfield code="m">archive@jazzandheritage.org</subfield>
         <subfield code="u">https://www.jazzandheritage.org/archive</subfield>
         <subfield code="z">tel: +1 / (504) / 558-6138</subfield>
      </datafield>
      <datafield tag="551" ind1="1" ind2=" ">
         <subfield code="a">New Orleans, LA</subfield>
         <subfield code="0">places/3903480</subfield>
      </datafield>
   </record>