
   <record>
      <leader>00000nz  a2200000nc 4500</leader>
      <controlfield tag="001">institutions/51004044</controlfield>
      <controlfield tag="003">DE-633</controlfield>
      <controlfield tag="005">20250620052253.0</controlfield>
      <controlfield tag="008">200609||||z|||a|||||||||||||||||n||||||d</controlfield>
      <datafield tag="024" ind1="7" ind2=" ">
         <subfield code="a">60559147</subfield>
         <subfield code="2">VIAF</subfield>
      </datafield>
      <datafield tag="024" ind1="7" ind2=" ">
         <subfield code="a">US-NYboorman</subfield>
         <subfield code="q">siglum</subfield>
         <subfield code="2">rism</subfield>
      </datafield>
      <datafield tag="040" ind1=" " ind2=" ">
         <subfield code="a">DE-633</subfield>
         <subfield code="c">DE-633</subfield>
         <subfield code="e">rismg</subfield>
      </datafield>
      <datafield tag="043" ind1=" " ind2=" ">
         <subfield code="c">XD-US</subfield>
      </datafield>
      <datafield tag="110" ind1="1" ind2=" ">
         <subfield code="a">Private collection of Stanley Boorman</subfield>
         <subfield code="c">New York City, NY</subfield>
         <subfield code="g">US-NYboorman</subfield>
      </datafield>
      <datafield tag="368" ind1=" " ind2=" ">
         <subfield code="a">Institution</subfield>
         <subfield code="a">Library</subfield>
      </datafield>
      <datafield tag="551" ind1="1" ind2=" ">
         <subfield code="a">New York City, NY</subfield>
         <subfield code="0">places/3902871</subfield>
      </datafield>
      <datafield tag="670" ind1="1" ind2=" ">
         <subfield code="a">FallowsB 2002</subfield>
         <subfield code="0">publications/50006117</subfield>
      </datafield>
      <datafield tag="700" ind1="1" ind2=" ">
         <subfield code="a">Boorman, Stanley</subfield>
         <subfield code="d">1939*</subfield>
         <subfield code="0">people/30101195</subfield>
      </datafield>
   </record>