
   <record>
      <leader>00000nz  a2200000nc 4500</leader>
      <controlfield tag="001">institutions/51007560</controlfield>
      <controlfield tag="003">DE-633</controlfield>
      <controlfield tag="005">20250620052316.0</controlfield>
      <controlfield tag="008">231113||||z|||a|||||||||||||||||n||||||d</controlfield>
      <datafield tag="024" ind1="7" ind2=" ">
         <subfield code="a">Q72000851</subfield>
         <subfield code="2">WKP</subfield>
      </datafield>
      <datafield tag="024" ind1="7" ind2=" ">
         <subfield code="a">US-NYcubl</subfield>
         <subfield code="q">siglum</subfield>
         <subfield code="2">rism</subfield>
      </datafield>
      <datafield tag="034" ind1="1" ind2=" ">
         <subfield code="d">-73.9635518464616</subfield>
         <subfield code="f">40.80966488582977</subfield>
      </datafield>
      <datafield tag="040" ind1=" " ind2=" ">
         <subfield code="a">DE-633</subfield>
         <subfield code="c">DE-633</subfield>
         <subfield code="e">rismg</subfield>
      </datafield>
      <datafield tag="043" ind1=" " ind2=" ">
         <subfield code="c">XD-US</subfield>
      </datafield>
      <datafield tag="110" ind1="1" ind2=" ">
         <subfield code="a">Columbia University, Barnard College Library</subfield>
         <subfield code="c">New York City, NY</subfield>
         <subfield code="g">US-NYcubl</subfield>
      </datafield>
      <datafield tag="368" ind1=" " ind2=" ">
         <subfield code="a">Institution</subfield>
         <subfield code="a">Library</subfield>
      </datafield>
      <datafield tag="371" ind1=" " ind2=" ">
         <subfield code="a">Milstein Center for Teaching and Learning</subfield>
         <subfield code="a">3009 Broadway</subfield>
         <subfield code="b">New York City, NY 10027</subfield>
         <subfield code="c">New York</subfield>
         <subfield code="d">USA</subfield>
         <subfield code="m">library@barnard.edu</subfield>
         <subfield code="u">https://library.barnard.edu/</subfield>
         <subfield code="z">tel: +1 / 212 / 854 3953</subfield>
      </datafield>
      <datafield tag="551" ind1="1" ind2=" ">
         <subfield code="a">New York City, NY</subfield>
         <subfield code="0">places/3902871</subfield>
      </datafield>
   </record>