
   <record>
      <leader>00000nz  a2200000nc 4500</leader>
      <controlfield tag="001">institutions/51001589</controlfield>
      <controlfield tag="003">DE-633</controlfield>
      <controlfield tag="005">20250620052239.0</controlfield>
      <controlfield tag="008">180507||||z|||a|||||||||||||||||n||||||d</controlfield>
      <datafield tag="024" ind1="7" ind2=" ">
         <subfield code="a">US-NYnscl</subfield>
         <subfield code="q">siglum</subfield>
         <subfield code="2">rism</subfield>
      </datafield>
      <datafield tag="034" ind1="1" ind2=" ">
         <subfield code="d">-73.993725</subfield>
         <subfield code="f">40.735507</subfield>
      </datafield>
      <datafield tag="040" ind1=" " ind2=" ">
         <subfield code="a">DE-633</subfield>
         <subfield code="c">DE-633</subfield>
         <subfield code="e">rismg</subfield>
      </datafield>
      <datafield tag="043" ind1=" " ind2=" ">
         <subfield code="c">XD-US</subfield>
      </datafield>
      <datafield tag="110" ind1="1" ind2=" ">
         <subfield code="a">The New School - University Center Library</subfield>
         <subfield code="c">New York City, NY</subfield>
         <subfield code="g">US-NYnscl</subfield>
      </datafield>
      <datafield tag="368" ind1=" " ind2=" ">
         <subfield code="a">Institution</subfield>
         <subfield code="a">Library</subfield>
      </datafield>
      <datafield tag="371" ind1=" " ind2=" ">
         <subfield code="a">63 5th Avenue, Sixth Floor</subfield>
         <subfield code="b">New York, NY 10003</subfield>
         <subfield code="c">New York</subfield>
         <subfield code="d">USA</subfield>
         <subfield code="u">https://library.newschool.edu/</subfield>
         <subfield code="z">tel: +1 / 212 229 5307</subfield>
      </datafield>
      <datafield tag="410" ind1=" " ind2=" ">
         <subfield code="a">New School for Social Research</subfield>
      </datafield>
      <datafield tag="410" ind1=" " ind2=" ">
         <subfield code="a">New School University</subfield>
      </datafield>
      <datafield tag="551" ind1="1" ind2=" ">
         <subfield code="a">New York City, NY</subfield>
         <subfield code="0">places/3902871</subfield>
      </datafield>
      <datafield tag="678" ind1="1" ind2=" ">
         <subfield code="a">1998: New School for Social Research is renamed New School University,  2005: New School University is renamed The New School.</subfield>
      </datafield>
   </record>