
   <record>
      <leader>00000nz  a2200000nc 4500</leader>
      <controlfield tag="001">institutions/51008411</controlfield>
      <controlfield tag="003">DE-633</controlfield>
      <controlfield tag="005">20250620052322.0</controlfield>
      <controlfield tag="008">241210||||z|||a|||||||||||||||||n||||||d</controlfield>
      <datafield tag="024" ind1="7" ind2=" ">
         <subfield code="a">124414261</subfield>
         <subfield code="2">VIAF</subfield>
      </datafield>
      <datafield tag="024" ind1="7" ind2=" ">
         <subfield code="a">Q95749609</subfield>
         <subfield code="2">WKP</subfield>
      </datafield>
      <datafield tag="024" ind1="7" ind2=" ">
         <subfield code="a">US-NYplmad</subfield>
         <subfield code="q">siglum</subfield>
         <subfield code="2">rism</subfield>
      </datafield>
      <datafield tag="034" ind1="1" ind2=" ">
         <subfield code="d">-73.98224593129643</subfield>
         <subfield code="f">40.75318180839867</subfield>
      </datafield>
      <datafield tag="040" ind1=" " ind2=" ">
         <subfield code="a">DE-633</subfield>
         <subfield code="b">ger</subfield>
         <subfield code="c">DE-633</subfield>
         <subfield code="e">rismg</subfield>
      </datafield>
      <datafield tag="043" ind1=" " ind2=" ">
         <subfield code="c">XD-US</subfield>
      </datafield>
      <datafield tag="110" ind1="1" ind2=" ">
         <subfield code="a">New York Public Library, Manuscripts and Archives Division</subfield>
         <subfield code="c">New York City, NY</subfield>
         <subfield code="g">US-NYplmad</subfield>
      </datafield>
      <datafield tag="368" ind1=" " ind2=" ">
         <subfield code="a">Institution</subfield>
         <subfield code="a">Library</subfield>
      </datafield>
      <datafield tag="371" ind1=" " ind2=" ">
         <subfield code="a">Stephen A. Schwarzman Building</subfield>
         <subfield code="a">Fifth Avenue and 42nd Street</subfield>
         <subfield code="a">Third Floor, Room 328</subfield>
         <subfield code="b">New York City, NY</subfield>
         <subfield code="c">New York</subfield>
         <subfield code="d">USA</subfield>
         <subfield code="e">10018</subfield>
         <subfield code="m">manuscripts@nypl.org</subfield>
         <subfield code="u">https://www.nypl.org/locations/schwarzman/manuscripts-division</subfield>
         <subfield code="z">tel: +1 / 212-930-0801</subfield>
      </datafield>
      <datafield tag="551" ind1="1" ind2=" ">
         <subfield code="a">New York City, NY</subfield>
         <subfield code="0">places/3902871</subfield>
      </datafield>
   </record>