
   <record>
      <leader>00000nz  a2200000nc 4500</leader>
      <controlfield tag="001">institutions/51008233</controlfield>
      <controlfield tag="003">DE-633</controlfield>
      <controlfield tag="005">20250620052320.0</controlfield>
      <controlfield tag="008">240923||||z|||a|||||||||||||||||n||||||d</controlfield>
      <datafield tag="024" ind1="7" ind2=" ">
         <subfield code="a">Q19877805</subfield>
         <subfield code="2">WKP</subfield>
      </datafield>
      <datafield tag="024" ind1="7" ind2=" ">
         <subfield code="a">US-Nsca</subfield>
         <subfield code="q">siglum</subfield>
         <subfield code="2">rism</subfield>
      </datafield>
      <datafield tag="034" ind1="1" ind2=" ">
         <subfield code="d">-72.63797689453759</subfield>
         <subfield code="f">42.31760197750045</subfield>
      </datafield>
      <datafield tag="040" ind1=" " ind2=" ">
         <subfield code="a">DE-633</subfield>
         <subfield code="c">DE-633</subfield>
         <subfield code="e">rismg</subfield>
      </datafield>
      <datafield tag="043" ind1=" " ind2=" ">
         <subfield code="c">XD-US</subfield>
      </datafield>
      <datafield tag="110" ind1="1" ind2=" ">
         <subfield code="a">Smith College Archives</subfield>
         <subfield code="c">Northampton, MA</subfield>
         <subfield code="g">US-Nsca</subfield>
      </datafield>
      <datafield tag="368" ind1=" " ind2=" ">
         <subfield code="a">Institution</subfield>
         <subfield code="a">Archive</subfield>
         <subfield code="a">Library</subfield>
      </datafield>
      <datafield tag="371" ind1=" " ind2=" ">
         <subfield code="a">7 Neilson Drive</subfield>
         <subfield code="b">Northampton, MA</subfield>
         <subfield code="c">Massachusetts</subfield>
         <subfield code="d">USA</subfield>
         <subfield code="e">01063</subfield>
         <subfield code="m">nyoung@smith.edu</subfield>
         <subfield code="u">https://libraries.smith.edu/special-collections/college-archives</subfield>
         <subfield code="z">contact: Nanci Young, College Archivist</subfield>
      </datafield>
      <datafield tag="551" ind1="1" ind2=" ">
         <subfield code="a">Northampton, MA</subfield>
         <subfield code="0">places/3903471</subfield>
      </datafield>
   </record>