
   <record>
      <leader>00000nz  a2200000nc 4500</leader>
      <controlfield tag="001">institutions/51008709</controlfield>
      <controlfield tag="003">DE-633</controlfield>
      <controlfield tag="005">20250620052324.0</controlfield>
      <controlfield tag="008">250505||||z|||a|||||||||||||||||n||||||d</controlfield>
      <datafield tag="024" ind1="7" ind2=" ">
         <subfield code="a">US-OR</subfield>
         <subfield code="q">siglum</subfield>
         <subfield code="2">rism</subfield>
      </datafield>
      <datafield tag="034" ind1="1" ind2=" ">
         <subfield code="d">-81.20148442024114</subfield>
         <subfield code="f">28.600221055732792</subfield>
      </datafield>
      <datafield tag="040" ind1=" " ind2=" ">
         <subfield code="a">DE-633</subfield>
         <subfield code="b">ger</subfield>
         <subfield code="c">DE-633</subfield>
         <subfield code="e">rismg</subfield>
      </datafield>
      <datafield tag="043" ind1=" " ind2=" ">
         <subfield code="c">XD-US</subfield>
      </datafield>
      <datafield tag="110" ind1="1" ind2=" ">
         <subfield code="a">University of Central Florida, Special Collections &amp; University Archives</subfield>
         <subfield code="c">Orlando, FL</subfield>
         <subfield code="g">US-OR</subfield>
      </datafield>
      <datafield tag="368" ind1=" " ind2=" ">
         <subfield code="a">Institution</subfield>
         <subfield code="a">Library</subfield>
      </datafield>
      <datafield tag="371" ind1=" " ind2=" ">
         <subfield code="a">12701 Pegasus Drive, Building 2</subfield>
         <subfield code="a">John C. Hitt Library, 5th floor</subfield>
         <subfield code="b">Orlando, FL</subfield>
         <subfield code="c">Florida</subfield>
         <subfield code="d">USA</subfield>
         <subfield code="e">32816-8030</subfield>
         <subfield code="m">speccoll@ucf.edu</subfield>
         <subfield code="u">https://library.ucf.edu/about/departments/special-collections-university-archives/</subfield>
         <subfield code="z">tel: +1 / (407) 823-2576</subfield>
      </datafield>
      <datafield tag="551" ind1="1" ind2=" ">
         <subfield code="a">Orlando, FL</subfield>
         <subfield code="0">places/3008837</subfield>
      </datafield>
   </record>