
   <record>
      <leader>00000nz  a2200000nc 4500</leader>
      <controlfield tag="001">institutions/51007807</controlfield>
      <controlfield tag="003">DE-633</controlfield>
      <controlfield tag="005">20250620052317.0</controlfield>
      <controlfield tag="008">240223||||z|||a|||||||||||||||||n||||||d</controlfield>
      <datafield tag="024" ind1="7" ind2=" ">
         <subfield code="a">Q29982678</subfield>
         <subfield code="2">WKP</subfield>
      </datafield>
      <datafield tag="024" ind1="7" ind2=" ">
         <subfield code="a">US-PHna</subfield>
         <subfield code="q">siglum</subfield>
         <subfield code="2">rism</subfield>
      </datafield>
      <datafield tag="034" ind1="1" ind2=" ">
         <subfield code="d">-74.9685465326072</subfield>
         <subfield code="f">40.11480817149553</subfield>
      </datafield>
      <datafield tag="040" ind1=" " ind2=" ">
         <subfield code="a">DE-633</subfield>
         <subfield code="c">DE-633</subfield>
         <subfield code="e">rismg</subfield>
      </datafield>
      <datafield tag="043" ind1=" " ind2=" ">
         <subfield code="c">XD-US</subfield>
      </datafield>
      <datafield tag="110" ind1="1" ind2=" ">
         <subfield code="a">The National Archives at Philadelphia</subfield>
         <subfield code="c">Philadelphia, PA</subfield>
         <subfield code="g">US-PHna</subfield>
      </datafield>
      <datafield tag="368" ind1=" " ind2=" ">
         <subfield code="a">Institution</subfield>
         <subfield code="a">Library</subfield>
         <subfield code="a">Archive</subfield>
      </datafield>
      <datafield tag="371" ind1=" " ind2=" ">
         <subfield code="a">14700 Townsend Road</subfield>
         <subfield code="b">Philadelphia, PA 19154-1096</subfield>
         <subfield code="c">Pennsylvania</subfield>
         <subfield code="d">USA</subfield>
         <subfield code="m">philadelphia.archives@nara.gov</subfield>
         <subfield code="u">https://www.archives.gov/philadelphia</subfield>
         <subfield code="z">tel: +1 / 215-305-2044</subfield>
         <subfield code="z">fax: +1 / 215-305-2052</subfield>
      </datafield>
      <datafield tag="551" ind1="1" ind2=" ">
         <subfield code="a">Philadelphia, PA</subfield>
         <subfield code="0">places/3902865</subfield>
      </datafield>
   </record>