
   <record>
      <leader>00000nz  a2200000nc 4500</leader>
      <controlfield tag="001">institutions/51002913</controlfield>
      <controlfield tag="003">DE-633</controlfield>
      <controlfield tag="005">20250620052247.0</controlfield>
      <controlfield tag="008">190410||||z|||a|||||||||||||||||n||||||d</controlfield>
      <datafield tag="024" ind1="7" ind2=" ">
         <subfield code="a">250883339</subfield>
         <subfield code="2">VIAF</subfield>
      </datafield>
      <datafield tag="024" ind1="7" ind2=" ">
         <subfield code="a">US-PRVhp</subfield>
         <subfield code="q">siglum</subfield>
         <subfield code="2">rism</subfield>
      </datafield>
      <datafield tag="034" ind1="1" ind2=" ">
         <subfield code="d">-111.649228</subfield>
         <subfield code="f">40.248776</subfield>
      </datafield>
      <datafield tag="040" ind1=" " ind2=" ">
         <subfield code="a">DE-633</subfield>
         <subfield code="c">DE-633</subfield>
         <subfield code="e">rismg</subfield>
      </datafield>
      <datafield tag="043" ind1=" " ind2=" ">
         <subfield code="c">XD-US</subfield>
      </datafield>
      <datafield tag="110" ind1="1" ind2=" ">
         <subfield code="a">International Harp Archives</subfield>
         <subfield code="c">Provo, UT</subfield>
         <subfield code="g">US-PRVhp</subfield>
      </datafield>
      <datafield tag="368" ind1=" " ind2=" ">
         <subfield code="a">Institution</subfield>
         <subfield code="a">Library</subfield>
         <subfield code="a">Archive</subfield>
      </datafield>
      <datafield tag="371" ind1=" " ind2=" ">
         <subfield code="a">Harold B. Lee Library</subfield>
         <subfield code="a">Brigham Young University</subfield>
         <subfield code="b">Provo, UT 84602-6800</subfield>
         <subfield code="c">Utah</subfield>
         <subfield code="d">USA</subfield>
         <subfield code="m">david_day@byu.edu</subfield>
         <subfield code="u">https://sites.lib.byu.edu/harp/</subfield>
         <subfield code="z">curator: David A. Day</subfield>
         <subfield code="z">tel: +1 / 801-422-6119</subfield>
      </datafield>
      <datafield tag="551" ind1="1" ind2=" ">
         <subfield code="a">Provo, UT</subfield>
         <subfield code="0">places/3903491</subfield>
      </datafield>
      <datafield tag="580" ind1="1" ind2=" ">
         <subfield code="x">US-PRV</subfield>
         <subfield code="0">institutions/30002447</subfield>
      </datafield>
      <datafield tag="667" ind1=" " ind2=" ">
         <subfield code="a">Published sources: 10</subfield>
      </datafield>
      <datafield tag="680" ind1="1" ind2=" ">
         <subfield code="a">The International Harp Archives resides on the 4th floor of the Harold B. Lee Library in the Music &amp; Dance Department.</subfield>
      </datafield>
   </record>