
   <record>
      <leader>00000nz  a2200000nc 4500</leader>
      <controlfield tag="001">institutions/51007227</controlfield>
      <controlfield tag="003">DE-633</controlfield>
      <controlfield tag="005">20250620052313.0</controlfield>
      <controlfield tag="008">230531||||z|||a|||||||||||||||||n||||||d</controlfield>
      <datafield tag="024" ind1="7" ind2=" ">
         <subfield code="a">124760065</subfield>
         <subfield code="2">VIAF</subfield>
      </datafield>
      <datafield tag="024" ind1="7" ind2=" ">
         <subfield code="a">Q27811431</subfield>
         <subfield code="2">WKP</subfield>
      </datafield>
      <datafield tag="024" ind1="7" ind2=" ">
         <subfield code="a">US-PRVtpsc</subfield>
         <subfield code="q">siglum</subfield>
         <subfield code="2">rism</subfield>
      </datafield>
      <datafield tag="034" ind1="1" ind2=" ">
         <subfield code="d">-111.64921797197746</subfield>
         <subfield code="f">40.248751798421246</subfield>
      </datafield>
      <datafield tag="040" ind1=" " ind2=" ">
         <subfield code="a">DE-633</subfield>
         <subfield code="c">DE-633</subfield>
         <subfield code="e">rismg</subfield>
      </datafield>
      <datafield tag="043" ind1=" " ind2=" ">
         <subfield code="c">XD-US</subfield>
      </datafield>
      <datafield tag="110" ind1="1" ind2=" ">
         <subfield code="a">Brigham Young University (BYU), Harold B. Lee Library, L. Tom Perry Special Collections</subfield>
         <subfield code="c">Provo, UT</subfield>
         <subfield code="g">US-PRVtpsc</subfield>
      </datafield>
      <datafield tag="368" ind1=" " ind2=" ">
         <subfield code="a">Institution</subfield>
         <subfield code="a">Library</subfield>
      </datafield>
      <datafield tag="371" ind1=" " ind2=" ">
         <subfield code="a">2060 Lee Lane</subfield>
         <subfield code="b">Provo, UT 84602</subfield>
         <subfield code="c">Utah</subfield>
         <subfield code="d">USA</subfield>
         <subfield code="m">specialcollections@byu.edu</subfield>
         <subfield code="u">https://lib.byu.edu/special-collections/</subfield>
         <subfield code="z">tel: +1 / (801) 422-3175</subfield>
      </datafield>
      <datafield tag="551" ind1="1" ind2=" ">
         <subfield code="a">Provo, UT</subfield>
         <subfield code="0">places/3903491</subfield>
      </datafield>
      <datafield tag="667" ind1=" " ind2=" ">
         <subfield code="a">Published sources: 1</subfield>
      </datafield>
   </record>