
   <record>
      <leader>00000nz  a2200000nc 4500</leader>
      <controlfield tag="001">institutions/30061533</controlfield>
      <controlfield tag="003">DE-633</controlfield>
      <controlfield tag="005">20250620052102.0</controlfield>
      <controlfield tag="008">161109||||z|||a|||||||||||||||||n||||||d</controlfield>
      <datafield tag="024" ind1="7" ind2=" ">
         <subfield code="a">US-PULwsu</subfield>
         <subfield code="q">siglum</subfield>
         <subfield code="2">rism</subfield>
      </datafield>
      <datafield tag="040" ind1=" " ind2=" ">
         <subfield code="a">DE-633</subfield>
         <subfield code="c">DE-633</subfield>
         <subfield code="e">rismg</subfield>
      </datafield>
      <datafield tag="043" ind1=" " ind2=" ">
         <subfield code="c">XD-US</subfield>
      </datafield>
      <datafield tag="110" ind1="2" ind2=" ">
         <subfield code="a">Washington State University Libraries: Manuscripts, Archives and Special Collections</subfield>
         <subfield code="c">Pullman, WA</subfield>
         <subfield code="g">US-PULwsu</subfield>
      </datafield>
      <datafield tag="368" ind1=" " ind2=" ">
         <subfield code="a">Institution</subfield>
      </datafield>
      <datafield tag="368" ind1=" " ind2=" ">
         <subfield code="a">Library</subfield>
      </datafield>
      <datafield tag="371" ind1=" " ind2=" ">
         <subfield code="a">Washington State University Libraries:,  Manuscripts, Archives and Special,  Collections, P.O. Box 645610, Pullman, WA 99164-5610, USA</subfield>
         <subfield code="u">http://www.wsulibs.wsu.edu/content/masc-home?utm_source=wsu&amp;utm_medium=undefined&amp;utm_campaign=undefined&amp;utm_term=undefined&amp;utm_content=undefined</subfield>
      </datafield>
      <datafield tag="551" ind1=" " ind2=" ">
         <subfield code="a">Pullman, WA</subfield>
         <subfield code="0">places/3905056</subfield>
      </datafield>
   </record>