
   <record>
      <leader>00000nz  a2200000nc 4500</leader>
      <controlfield tag="001">institutions/51000146</controlfield>
      <controlfield tag="003">DE-633</controlfield>
      <controlfield tag="005">20250620052235.0</controlfield>
      <controlfield tag="008">170130||||z|||a|||||||||||||||||n||||||d</controlfield>
      <datafield tag="024" ind1="7" ind2=" ">
         <subfield code="a">157320975</subfield>
         <subfield code="2">VIAF</subfield>
      </datafield>
      <datafield tag="024" ind1="7" ind2=" ">
         <subfield code="a">US-REspc</subfield>
         <subfield code="q">siglum</subfield>
         <subfield code="2">rism</subfield>
      </datafield>
      <datafield tag="034" ind1="1" ind2=" ">
         <subfield code="d">-119.814953</subfield>
         <subfield code="f">39.543667</subfield>
      </datafield>
      <datafield tag="040" ind1=" " ind2=" ">
         <subfield code="a">DE-633</subfield>
         <subfield code="c">DE-633</subfield>
         <subfield code="e">rismg</subfield>
      </datafield>
      <datafield tag="043" ind1=" " ind2=" ">
         <subfield code="c">XD-US</subfield>
      </datafield>
      <datafield tag="110" ind1="1" ind2=" ">
         <subfield code="a">University Libraries, Special Collections</subfield>
         <subfield code="c">Reno, NV</subfield>
         <subfield code="g">US-REspc</subfield>
      </datafield>
      <datafield tag="368" ind1=" " ind2=" ">
         <subfield code="a">Institution</subfield>
         <subfield code="a">Library</subfield>
      </datafield>
      <datafield tag="371" ind1=" " ind2=" ">
         <subfield code="a">Mathewson-IGT Knowledge Center</subfield>
         <subfield code="a">1664 N Virginia St</subfield>
         <subfield code="b">Reno, NV 89512</subfield>
         <subfield code="c">Nevada</subfield>
         <subfield code="d">USA</subfield>
         <subfield code="m">SpeColl@unr.edu</subfield>
         <subfield code="m">glass@unr.edu</subfield>
         <subfield code="u">https://library.unr.edu/SpeColl/Index</subfield>
         <subfield code="z">Special Collections Librarian: Betty Glass</subfield>
         <subfield code="z">+1 / (775) 682-5665</subfield>
      </datafield>
      <datafield tag="551" ind1="1" ind2=" ">
         <subfield code="a">Reno</subfield>
         <subfield code="0">places/4000010</subfield>
      </datafield>
   </record>