
   <record>
      <leader>00000nz  a2200000nc 4500</leader>
      <controlfield tag="001">institutions/51001598</controlfield>
      <controlfield tag="003">DE-633</controlfield>
      <controlfield tag="005">20250620052239.0</controlfield>
      <controlfield tag="008">180509||||z|||a|||||||||||||||||n||||||d</controlfield>
      <datafield tag="024" ind1="7" ind2=" ">
         <subfield code="a">220419550</subfield>
         <subfield code="2">VIAF</subfield>
      </datafield>
      <datafield tag="024" ind1="7" ind2=" ">
         <subfield code="a">US-RHjct</subfield>
         <subfield code="q">siglum</subfield>
         <subfield code="2">rism</subfield>
      </datafield>
      <datafield tag="034" ind1="1" ind2=" ">
         <subfield code="d">-73.898474</subfield>
         <subfield code="f">42.026043</subfield>
      </datafield>
      <datafield tag="040" ind1=" " ind2=" ">
         <subfield code="a">DE-633</subfield>
         <subfield code="c">DE-633</subfield>
         <subfield code="e">rismg</subfield>
      </datafield>
      <datafield tag="043" ind1=" " ind2=" ">
         <subfield code="c">XD-US</subfield>
      </datafield>
      <datafield tag="110" ind1="1" ind2=" ">
         <subfield code="a">John Cage Trust</subfield>
         <subfield code="c">Red Hook, NY</subfield>
         <subfield code="g">US-RHjct</subfield>
      </datafield>
      <datafield tag="368" ind1=" " ind2=" ">
         <subfield code="a">Institution</subfield>
         <subfield code="a">Library</subfield>
         <subfield code="a">Archive</subfield>
      </datafield>
      <datafield tag="371" ind1=" " ind2=" ">
         <subfield code="a">15 Old Whalesback Road</subfield>
         <subfield code="b">Red Hook 12571</subfield>
         <subfield code="c">New York</subfield>
         <subfield code="d">USA</subfield>
         <subfield code="m">info@johncage.org</subfield>
         <subfield code="u">http://www.johncage.org/</subfield>
         <subfield code="z">tel: +1 / 917 293 8009 (mobile)</subfield>
      </datafield>
      <datafield tag="510" ind1="1" ind2=" ">
         <subfield code="a">John Cage Trust at Bard College</subfield>
      </datafield>
      <datafield tag="551" ind1="1" ind2=" ">
         <subfield code="a">Red Hook, NY</subfield>
         <subfield code="0">places/4000073</subfield>
      </datafield>
   </record>