
   <record>
      <leader>00000nz  a2200000nc 4500</leader>
      <controlfield tag="001">institutions/30002457</controlfield>
      <controlfield tag="003">DE-633</controlfield>
      <controlfield tag="005">20250620052013.0</controlfield>
      <controlfield tag="008">161109||||z|||a|||||||||||||||||n||||||d</controlfield>
      <datafield tag="024" ind1="7" ind2=" ">
         <subfield code="a">139782855</subfield>
         <subfield code="2">VIAF</subfield>
      </datafield>
      <datafield tag="024" ind1="7" ind2=" ">
         <subfield code="a">Q7185913</subfield>
         <subfield code="2">WKP</subfield>
      </datafield>
      <datafield tag="024" ind1="7" ind2=" ">
         <subfield code="a">US-ROWphl</subfield>
         <subfield code="q">siglum</subfield>
         <subfield code="z">US-SA</subfield>
         <subfield code="2">rism</subfield>
      </datafield>
      <datafield tag="034" ind1="1" ind2=" ">
         <subfield code="d">-70.90898625177891</subfield>
         <subfield code="f">42.71388652837098</subfield>
      </datafield>
      <datafield tag="040" ind1=" " ind2=" ">
         <subfield code="a">DE-633</subfield>
         <subfield code="c">DE-633</subfield>
         <subfield code="e">rismg</subfield>
      </datafield>
      <datafield tag="043" ind1=" " ind2=" ">
         <subfield code="c">XD-US</subfield>
      </datafield>
      <datafield tag="110" ind1="1" ind2=" ">
         <subfield code="a">Phillips Library, Peabody Essex Museum</subfield>
         <subfield code="c">Rowley, MA</subfield>
         <subfield code="g">US-ROWphl</subfield>
      </datafield>
      <datafield tag="368" ind1=" " ind2=" ">
         <subfield code="a">Institution</subfield>
         <subfield code="a">Library</subfield>
      </datafield>
      <datafield tag="371" ind1=" " ind2=" ">
         <subfield code="a">306 Newburyport Turnpike</subfield>
         <subfield code="b">Rowley, MA</subfield>
         <subfield code="c">Massachusetts</subfield>
         <subfield code="d">USA</subfield>
         <subfield code="e">01969</subfield>
         <subfield code="m">research@pem.org</subfield>
         <subfield code="u">https://www.pem.org/phillips-library</subfield>
         <subfield code="z">tel: +1 / 978-542-1553</subfield>
      </datafield>
      <datafield tag="410" ind1=" " ind2=" ">
         <subfield code="a">Peabody and Essex Museums, James Duncan Phillips Library</subfield>
      </datafield>
      <datafield tag="410" ind1=" " ind2=" ">
         <subfield code="a">Essex Institute, James Duncan Phillips Library</subfield>
      </datafield>
      <datafield tag="551" ind1="1" ind2=" ">
         <subfield code="a">Rowley, MA</subfield>
         <subfield code="0">places/3030135</subfield>
      </datafield>
      <datafield tag="667" ind1=" " ind2=" ">
         <subfield code="a">Published sources: 1561</subfield>
      </datafield>
      <datafield tag="678" ind1="1" ind2=" ">
         <subfield code="a">Since 2018 located in Rowley, MA. Before that in Salem, MA (former siglum: US-SA)</subfield>
      </datafield>
   </record>