
   <record>
      <leader>00000nz  a2200000nc 4500</leader>
      <controlfield tag="001">institutions/30002451</controlfield>
      <controlfield tag="003">DE-633</controlfield>
      <controlfield tag="005">20250620052013.0</controlfield>
      <controlfield tag="008">161109||||z|||a|||||||||||||||||n||||||d</controlfield>
      <datafield tag="024" ind1="7" ind2=" ">
         <subfield code="a">US-Rcr</subfield>
         <subfield code="q">siglum</subfield>
         <subfield code="2">rism</subfield>
      </datafield>
      <datafield tag="034" ind1="2" ind2=" ">
         <subfield code="d">-77.5983337</subfield>
         <subfield code="f">43.1317291</subfield>
      </datafield>
      <datafield tag="040" ind1=" " ind2=" ">
         <subfield code="a">DE-633</subfield>
         <subfield code="c">DE-633</subfield>
         <subfield code="e">rismg</subfield>
      </datafield>
      <datafield tag="043" ind1=" " ind2=" ">
         <subfield code="c">XD-US</subfield>
      </datafield>
      <datafield tag="110" ind1="2" ind2=" ">
         <subfield code="a">Colgate-Rochester Divinity School</subfield>
         <subfield code="c">Rochester, NY</subfield>
         <subfield code="g">US-Rcr</subfield>
      </datafield>
      <datafield tag="368" ind1=" " ind2=" ">
         <subfield code="a">Library</subfield>
      </datafield>
      <datafield tag="368" ind1=" " ind2=" ">
         <subfield code="a">Institution</subfield>
      </datafield>
      <datafield tag="371" ind1=" " ind2=" ">
         <subfield code="a">Colgate-Rochester Divinity School, 1100 S. Goodman St., US-Rochester, NY, 14620, Vereinigte Staaten</subfield>
      </datafield>
      <datafield tag="410" ind1="2" ind2=" ">
         <subfield code="a">Colgate Rochester Divinity School/Bexley Hall/Crozer Theological Seminaries, Ambrose Swasey Library</subfield>
      </datafield>
      <datafield tag="551" ind1=" " ind2=" ">
         <subfield code="a">Rochester, NY</subfield>
         <subfield code="0">places/3901137</subfield>
      </datafield>
   </record>