
   <record>
      <leader>00000nz  a2200000nc 4500</leader>
      <controlfield tag="001">institutions/51007361</controlfield>
      <controlfield tag="003">DE-633</controlfield>
      <controlfield tag="005">20250620052314.0</controlfield>
      <controlfield tag="008">230825||||z|||a|||||||||||||||||n||||||d</controlfield>
      <datafield tag="024" ind1="7" ind2=" ">
         <subfield code="a">Q1026827</subfield>
         <subfield code="2">WKP</subfield>
      </datafield>
      <datafield tag="024" ind1="7" ind2=" ">
         <subfield code="a">US-SCLcia</subfield>
         <subfield code="q">siglum</subfield>
         <subfield code="2">rism</subfield>
      </datafield>
      <datafield tag="034" ind1="1" ind2=" ">
         <subfield code="d">-118.56721460485387</subfield>
         <subfield code="f">34.392694326319656</subfield>
      </datafield>
      <datafield tag="040" ind1=" " ind2=" ">
         <subfield code="a">DE-633</subfield>
         <subfield code="c">DE-633</subfield>
         <subfield code="e">rismg</subfield>
      </datafield>
      <datafield tag="043" ind1=" " ind2=" ">
         <subfield code="c">XD-US</subfield>
      </datafield>
      <datafield tag="110" ind1="1" ind2=" ">
         <subfield code="a">California Institute of the Arts Library</subfield>
         <subfield code="c">Santa Clarita, CA</subfield>
         <subfield code="g">US-SCLcia</subfield>
      </datafield>
      <datafield tag="368" ind1=" " ind2=" ">
         <subfield code="a">Institution</subfield>
         <subfield code="a">Library</subfield>
         <subfield code="a">Archive</subfield>
      </datafield>
      <datafield tag="371" ind1=" " ind2=" ">
         <subfield code="a">24700 McBean Pkwy</subfield>
         <subfield code="b">Santa Clarita, CA 91355</subfield>
         <subfield code="c">California</subfield>
         <subfield code="d">USA</subfield>
         <subfield code="m">libref@calarts.edu</subfield>
         <subfield code="u">https://library.calarts.edu/home</subfield>
         <subfield code="z">tel: (+1) 661-253-7889</subfield>
      </datafield>
      <datafield tag="410" ind1=" " ind2=" ">
         <subfield code="a">CalArts Library</subfield>
      </datafield>
      <datafield tag="551" ind1="1" ind2=" ">
         <subfield code="a">Santa Clarita, CA</subfield>
         <subfield code="0">places/50020374</subfield>
      </datafield>
      <datafield tag="670" ind1="1" ind2=" ">
         <subfield code="a">CrawfordT 2022</subfield>
         <subfield code="0">publications/50007480</subfield>
      </datafield>
      <datafield tag="680" ind1="1" ind2=" ">
         <subfield code="a">The music collections within the Library have largely focused on the history, theory, performance, sociology, and aesthetics of experimental/exploratory music since 1900, and especially since 1950 through the present day.  There is also a notable focus on ethnomusicological literature, with a particular emphasis on the history, theory, and performance practices of non-Western musics.  Materials supporting these areas are regularly collected, especially in relation to the following: music technology, instrumentation and orchestration, acoustics, psychoacoustics, neuroscience, music cognition, phenomenology, and sound studies.  Other areas of interest include the philosophy of music, music pedagogy, professional development for musicians, pop music theory/musicology, and music for the moving image.</subfield>
      </datafield>
      <datafield tag="680" ind1="1" ind2=" ">
         <subfield code="a">As for the Institute Archives, the collections related to CalArts' School of Music are split between administrative records, photographs, and documentation/ephemera related to specific, recurring programming or events (e.g., World Music Festival, Contemporary Music Festival, etc.). While an academic institution's own historical records might not typically be of interest to many researchers, CalArts' reputation and mythos essentially render it a "Who's Who" of the latter 20th-century American musical avant-garde: John Cage, Philip Glass, Morton Feldman, Pauline Oliveros, Frederic Rzewski, Harold Budd, and other composers and performers have significant personal ties to the Institute, visiting repeatedly for concerts, artist residencies, lecture series, and more.</subfield>
      </datafield>
      <datafield tag="680" ind1="1" ind2=" ">
         <subfield code="a">The Special Collections have a significant number of holdings related to music. There is the James Tenney Collection, highlights from which include historic correspondence from composers such as Robert Ashley (1930–2014) and John Luther Adams (b. 1953), and an autographed, first edition copy of the score for Edgard Varèse's Hyperprism (London: J. Curwen &amp; Sons Ltd., 1924). Special Collections also holds the Nicholas M. England Collection (which includes musical instruments once owned by England). Other significant music-related holdings include autographed scores from composers such as Aaron Copland (1900–1990), Lou Harrison (1917–2003), and Iannis Xenakis (1922–2001), an LP recording autographed by Janet Baker.</subfield>
      </datafield>
      <datafield tag="700" ind1="1" ind2=" ">
         <subfield code="a">Tenney, James</subfield>
         <subfield code="d">1934-2006</subfield>
         <subfield code="0">people/51016325</subfield>
         <subfield code="4">att</subfield>
      </datafield>
      <datafield tag="700" ind1="1" ind2=" ">
         <subfield code="a">England, Nicholas M.</subfield>
         <subfield code="d">20/21</subfield>
         <subfield code="0">people/51016327</subfield>
         <subfield code="4">att</subfield>
      </datafield>
      <datafield tag="856" ind1="1" ind2=" ">
         <subfield code="u">https://library.calarts.edu/ld.php?content_id=53893550</subfield>
         <subfield code="z">Finding aid for the CalArts Library’s James Tenney Collection</subfield>
      </datafield>
      <datafield tag="856" ind1="1" ind2=" ">
         <subfield code="u">https://library.calarts.edu/specialcollections-archives/institutearchives</subfield>
         <subfield code="z">Website of the Institute Archives</subfield>
      </datafield>
      <datafield tag="856" ind1="1" ind2=" ">
         <subfield code="u">https://library.calarts.edu/specialcollections-archives/specialcollections</subfield>
         <subfield code="z">Website of Special Collections</subfield>
      </datafield>
   </record>