
   <record>
      <leader>00000nz  a2200000nc 4500</leader>
      <controlfield tag="001">institutions/51001599</controlfield>
      <controlfield tag="003">DE-633</controlfield>
      <controlfield tag="005">20250620052239.0</controlfield>
      <controlfield tag="008">180509||||z|||a|||||||||||||||||n||||||d</controlfield>
      <datafield tag="024" ind1="7" ind2=" ">
         <subfield code="a">US-SCgda</subfield>
         <subfield code="q">siglum</subfield>
         <subfield code="2">rism</subfield>
      </datafield>
      <datafield tag="034" ind1="1" ind2=" ">
         <subfield code="d">-122.059019</subfield>
         <subfield code="f">36.995753</subfield>
      </datafield>
      <datafield tag="040" ind1=" " ind2=" ">
         <subfield code="a">DE-633</subfield>
         <subfield code="c">DE-633</subfield>
         <subfield code="e">rismg</subfield>
      </datafield>
      <datafield tag="043" ind1=" " ind2=" ">
         <subfield code="c">XD-US</subfield>
      </datafield>
      <datafield tag="110" ind1="1" ind2=" ">
         <subfield code="a">The Grateful Dead Archive</subfield>
         <subfield code="c">Santa Cruz, CA</subfield>
         <subfield code="g">US-SCgda</subfield>
      </datafield>
      <datafield tag="368" ind1=" " ind2=" ">
         <subfield code="a">Institution</subfield>
         <subfield code="a">Library</subfield>
         <subfield code="a">Archive</subfield>
      </datafield>
      <datafield tag="371" ind1=" " ind2=" ">
         <subfield code="a">Special Collections and Archives</subfield>
         <subfield code="a">McHenry Library</subfield>
         <subfield code="a">University of California, Santa Cruz</subfield>
         <subfield code="a">1156 High St.</subfield>
         <subfield code="b">Santa Cruz, CA 95064</subfield>
         <subfield code="c">California</subfield>
         <subfield code="d">USA</subfield>
         <subfield code="m">speccoll@library.ucsc.edu</subfield>
         <subfield code="u">https://guides.library.ucsc.edu/gratefuldeadarchive</subfield>
         <subfield code="z">tel: 1+ / 831-459-2547</subfield>
      </datafield>
      <datafield tag="510" ind1="1" ind2=" ">
         <subfield code="a">UCSC Special Collections &amp; Archives</subfield>
      </datafield>
      <datafield tag="551" ind1="1" ind2=" ">
         <subfield code="a">Santa Cruz, CA</subfield>
         <subfield code="0">places/4000072</subfield>
      </datafield>
   </record>