
   <record>
      <leader>00000nz  a2200000nc 4500</leader>
      <controlfield tag="001">institutions/51008719</controlfield>
      <controlfield tag="003">DE-633</controlfield>
      <controlfield tag="005">20250620052324.0</controlfield>
      <controlfield tag="008">250506||||z|||a|||||||||||||||||n||||||d</controlfield>
      <datafield tag="024" ind1="7" ind2=" ">
         <subfield code="a">US-SCspc</subfield>
         <subfield code="q">siglum</subfield>
         <subfield code="2">rism</subfield>
      </datafield>
      <datafield tag="034" ind1="1" ind2=" ">
         <subfield code="d">-122.05900467219608</subfield>
         <subfield code="f">36.99572506124899</subfield>
      </datafield>
      <datafield tag="040" ind1=" " ind2=" ">
         <subfield code="a">DE-633</subfield>
         <subfield code="b">ger</subfield>
         <subfield code="c">DE-633</subfield>
         <subfield code="e">rismg</subfield>
      </datafield>
      <datafield tag="043" ind1=" " ind2=" ">
         <subfield code="c">XD-US</subfield>
      </datafield>
      <datafield tag="110" ind1="1" ind2=" ">
         <subfield code="a">University of California Santa Cruz, McHenry Library Special Collections</subfield>
         <subfield code="c">Santa Cruz, CA</subfield>
         <subfield code="g">US-SCspc</subfield>
      </datafield>
      <datafield tag="368" ind1=" " ind2=" ">
         <subfield code="a">Institution</subfield>
         <subfield code="a">Library</subfield>
      </datafield>
      <datafield tag="371" ind1=" " ind2=" ">
         <subfield code="a">McHenry Library: 3rd Floor</subfield>
         <subfield code="a">1156 High Street</subfield>
         <subfield code="b">Santa Cruz, CA</subfield>
         <subfield code="c">California</subfield>
         <subfield code="d">USA</subfield>
         <subfield code="e">95064</subfield>
         <subfield code="m">speccoll@library.ucsc.edu</subfield>
         <subfield code="u">https://guides.library.ucsc.edu/speccoll/</subfield>
         <subfield code="z">tel: +1 / 831-459-2547</subfield>
      </datafield>
      <datafield tag="551" ind1="1" ind2=" ">
         <subfield code="a">Santa Cruz, CA</subfield>
         <subfield code="0">places/4000072</subfield>
      </datafield>
   </record>