
   <record>
      <leader>00000nz  a2200000nc 4500</leader>
      <controlfield tag="001">institutions/51006378</controlfield>
      <controlfield tag="003">DE-633</controlfield>
      <controlfield tag="005">20250620052308.0</controlfield>
      <controlfield tag="008">220502||||z|||a|||||||||||||||||n||||||d</controlfield>
      <datafield tag="024" ind1="7" ind2=" ">
         <subfield code="a">Q2034815</subfield>
         <subfield code="2">WKP</subfield>
      </datafield>
      <datafield tag="024" ind1="7" ind2=" ">
         <subfield code="a">155409314</subfield>
         <subfield code="2">VIAF</subfield>
      </datafield>
      <datafield tag="024" ind1="7" ind2=" ">
         <subfield code="a">US-SFcm</subfield>
         <subfield code="q">siglum</subfield>
         <subfield code="2">rism</subfield>
      </datafield>
      <datafield tag="034" ind1="1" ind2=" ">
         <subfield code="d">-122.4204028847881</subfield>
         <subfield code="f">37.77549937975935</subfield>
      </datafield>
      <datafield tag="040" ind1=" " ind2=" ">
         <subfield code="a">DE-633</subfield>
         <subfield code="c">DE-633</subfield>
         <subfield code="e">rismg</subfield>
      </datafield>
      <datafield tag="043" ind1=" " ind2=" ">
         <subfield code="c">XD-US</subfield>
      </datafield>
      <datafield tag="110" ind1="1" ind2=" ">
         <subfield code="a">San Francisco Conservatory of Music (SFCM), Library</subfield>
         <subfield code="c">San Francisco</subfield>
         <subfield code="g">US-SFcm</subfield>
      </datafield>
      <datafield tag="368" ind1=" " ind2=" ">
         <subfield code="a">Institution</subfield>
         <subfield code="a">Library</subfield>
      </datafield>
      <datafield tag="371" ind1=" " ind2=" ">
         <subfield code="a">50 Oak Street</subfield>
         <subfield code="b">San Francisco, CA 94102</subfield>
         <subfield code="c">California</subfield>
         <subfield code="d">USA</subfield>
         <subfield code="m">library@sfcm.edu</subfield>
         <subfield code="u">https://sfcm.edu/student-resources/library</subfield>
         <subfield code="z">tel: +1 / 415-503-6213</subfield>
      </datafield>
      <datafield tag="551" ind1="1" ind2=" ">
         <subfield code="a">San Francisco, CA</subfield>
         <subfield code="0">places/3903497</subfield>
      </datafield>
   </record>