
   <record>
      <leader>00000nz  a2200000nc 4500</leader>
      <controlfield tag="001">institutions/51008278</controlfield>
      <controlfield tag="003">DE-633</controlfield>
      <controlfield tag="005">20250620052321.0</controlfield>
      <controlfield tag="008">241002||||z|||a|||||||||||||||||n||||||d</controlfield>
      <datafield tag="024" ind1="7" ind2=" ">
         <subfield code="a">152565776</subfield>
         <subfield code="2">VIAF</subfield>
      </datafield>
      <datafield tag="024" ind1="7" ind2=" ">
         <subfield code="a">150849489</subfield>
         <subfield code="2">VIAF</subfield>
      </datafield>
      <datafield tag="024" ind1="7" ind2=" ">
         <subfield code="a">Q2468251</subfield>
         <subfield code="2">WKP</subfield>
      </datafield>
      <datafield tag="024" ind1="7" ind2=" ">
         <subfield code="a">US-SFlhm</subfield>
         <subfield code="q">siglum</subfield>
         <subfield code="2">rism</subfield>
      </datafield>
      <datafield tag="034" ind1="1" ind2=" ">
         <subfield code="d">-122.50084764131407</subfield>
         <subfield code="f">37.7844772196226</subfield>
      </datafield>
      <datafield tag="040" ind1=" " ind2=" ">
         <subfield code="a">DE-633</subfield>
         <subfield code="c">DE-633</subfield>
         <subfield code="e">rismg</subfield>
      </datafield>
      <datafield tag="043" ind1=" " ind2=" ">
         <subfield code="c">XD-US</subfield>
      </datafield>
      <datafield tag="110" ind1="1" ind2=" ">
         <subfield code="a">Legion of Honor Museum</subfield>
         <subfield code="c">San Francisco, CA</subfield>
         <subfield code="g">US-SFlhm</subfield>
      </datafield>
      <datafield tag="368" ind1=" " ind2=" ">
         <subfield code="a">Institution</subfield>
         <subfield code="a">Museum</subfield>
      </datafield>
      <datafield tag="371" ind1=" " ind2=" ">
         <subfield code="a">Lincoln Park</subfield>
         <subfield code="a">100 34th Avenue (at Clement Street)</subfield>
         <subfield code="b">San Francisco, CA</subfield>
         <subfield code="c">California</subfield>
         <subfield code="d">USA</subfield>
         <subfield code="e">94121</subfield>
         <subfield code="u">https://www.famsf.org/</subfield>
      </datafield>
      <datafield tag="551" ind1="1" ind2=" ">
         <subfield code="a">San Francisco, CA</subfield>
         <subfield code="0">places/3903497</subfield>
      </datafield>
   </record>