
   <record>
      <leader>00000nz  a2200000nc 4500</leader>
      <controlfield tag="001">institutions/51005047</controlfield>
      <controlfield tag="003">DE-633</controlfield>
      <controlfield tag="005">20250620052259.0</controlfield>
      <controlfield tag="008">210330||||z|||a|||||||||||||||||n||||||d</controlfield>
      <datafield tag="024" ind1="7" ind2=" ">
         <subfield code="a">121608067</subfield>
         <subfield code="2">VIAF</subfield>
      </datafield>
      <datafield tag="024" ind1="7" ind2=" ">
         <subfield code="a">Q7589673</subfield>
         <subfield code="2">WKP</subfield>
      </datafield>
      <datafield tag="024" ind1="7" ind2=" ">
         <subfield code="a">US-SLpl</subfield>
         <subfield code="q">siglum</subfield>
         <subfield code="2">rism</subfield>
      </datafield>
      <datafield tag="034" ind1="1" ind2=" ">
         <subfield code="d">-90.19949900227822</subfield>
         <subfield code="f">38.63072729839917</subfield>
      </datafield>
      <datafield tag="040" ind1=" " ind2=" ">
         <subfield code="a">DE-633</subfield>
         <subfield code="c">DE-633</subfield>
         <subfield code="e">rismg</subfield>
      </datafield>
      <datafield tag="043" ind1=" " ind2=" ">
         <subfield code="c">XD-US</subfield>
      </datafield>
      <datafield tag="110" ind1="1" ind2=" ">
         <subfield code="a">St. Louis Public Library</subfield>
         <subfield code="c">St. Louis, MO</subfield>
         <subfield code="g">US-SLpl</subfield>
      </datafield>
      <datafield tag="368" ind1=" " ind2=" ">
         <subfield code="a">Institution</subfield>
         <subfield code="a">Library</subfield>
      </datafield>
      <datafield tag="371" ind1=" " ind2=" ">
         <subfield code="a">1301 Olive Street</subfield>
         <subfield code="b">St. Louis, MO 63103</subfield>
         <subfield code="c">Missouri</subfield>
         <subfield code="d">USA</subfield>
         <subfield code="u">https://www.slpl.org/</subfield>
         <subfield code="z">tel: +1 / (314) 241-2288</subfield>
      </datafield>
      <datafield tag="551" ind1="1" ind2=" ">
         <subfield code="a">St. Louis, MO</subfield>
         <subfield code="0">places/9002</subfield>
      </datafield>
   </record>