
   <record>
      <leader>00000nz  a2200000nc 4500</leader>
      <controlfield tag="001">institutions/51000383</controlfield>
      <controlfield tag="003">DE-633</controlfield>
      <controlfield tag="005">20250620052236.0</controlfield>
      <controlfield tag="008">170720||||z|||a|||||||||||||||||n||||||d</controlfield>
      <datafield tag="024" ind1="7" ind2=" ">
         <subfield code="a">US-SLprl</subfield>
         <subfield code="q">siglum</subfield>
         <subfield code="2">rism</subfield>
      </datafield>
      <datafield tag="034" ind1="1" ind2=" ">
         <subfield code="d">-90.262863</subfield>
         <subfield code="f">38.616867</subfield>
      </datafield>
      <datafield tag="040" ind1=" " ind2=" ">
         <subfield code="a">DE-633</subfield>
         <subfield code="c">DE-633</subfield>
         <subfield code="e">rismg</subfield>
      </datafield>
      <datafield tag="043" ind1=" " ind2=" ">
         <subfield code="c">XD-US</subfield>
      </datafield>
      <datafield tag="110" ind1="1" ind2=" ">
         <subfield code="a">Peter H. Raven Library</subfield>
         <subfield code="c">St. Louis, MO</subfield>
         <subfield code="g">US-SLprl</subfield>
      </datafield>
      <datafield tag="368" ind1=" " ind2=" ">
         <subfield code="a">Institution</subfield>
         <subfield code="a">Library</subfield>
      </datafield>
      <datafield tag="371" ind1=" " ind2=" ">
         <subfield code="a">4500 Shaw Blvd.</subfield>
         <subfield code="a">Fourth floor of the Monsanto Center</subfield>
         <subfield code="b">St. Louis, MO</subfield>
         <subfield code="c">Missouri</subfield>
         <subfield code="d">USA</subfield>
         <subfield code="e">63110</subfield>
         <subfield code="m">library@mobot.org</subfield>
         <subfield code="u">http://www.missouribotanicalgarden.org/plant-science/plant-science/resources/raven-library.aspx</subfield>
         <subfield code="z">tel: +1 / (314) 577-5155</subfield>
         <subfield code="z">fax: +1 / (314) 577-0840</subfield>
      </datafield>
      <datafield tag="551" ind1="1" ind2=" ">
         <subfield code="a">St. Louis, MO</subfield>
         <subfield code="0">places/9002</subfield>
      </datafield>
      <datafield tag="680" ind1="1" ind2=" ">
         <subfield code="a">This library holds some rare books with pastedowns of medieval music manuscripts inside.</subfield>
      </datafield>
   </record>