
   <record>
      <leader>00000nz  a2200000nc 4500</leader>
      <controlfield tag="001">institutions/30002470</controlfield>
      <controlfield tag="003">DE-633</controlfield>
      <controlfield tag="005">20250620052013.0</controlfield>
      <controlfield tag="008">161109||||z|||a|||||||||||||||||n||||||d</controlfield>
      <datafield tag="024" ind1="7" ind2=" ">
         <subfield code="a">263423906</subfield>
         <subfield code="2">VIAF</subfield>
      </datafield>
      <datafield tag="024" ind1="7" ind2=" ">
         <subfield code="a">US-SLug</subfield>
         <subfield code="q">siglum</subfield>
         <subfield code="2">rism</subfield>
      </datafield>
      <datafield tag="034" ind1="1" ind2=" ">
         <subfield code="d">-90.311218</subfield>
         <subfield code="f">38.646304</subfield>
      </datafield>
      <datafield tag="040" ind1=" " ind2=" ">
         <subfield code="a">DE-633</subfield>
         <subfield code="c">DE-633</subfield>
         <subfield code="e">rismg</subfield>
      </datafield>
      <datafield tag="043" ind1=" " ind2=" ">
         <subfield code="c">XD-US</subfield>
      </datafield>
      <datafield tag="110" ind1="1" ind2=" ">
         <subfield code="a">Washington University, Gaylord Music Library</subfield>
         <subfield code="c">St. Louis, MO</subfield>
         <subfield code="g">US-SLug</subfield>
      </datafield>
      <datafield tag="368" ind1=" " ind2=" ">
         <subfield code="a">Institution</subfield>
         <subfield code="a">Library</subfield>
      </datafield>
      <datafield tag="371" ind1=" " ind2=" ">
         <subfield code="a">Gaylord Hall</subfield>
         <subfield code="a">6500 Forsyth Blvd.</subfield>
         <subfield code="b">St. Louis, MO</subfield>
         <subfield code="c">Missouri</subfield>
         <subfield code="d">USA</subfield>
         <subfield code="e">63130</subfield>
         <subfield code="m">music@wumail.wustl.edu</subfield>
         <subfield code="u">https://library.wustl.edu/units/music/</subfield>
         <subfield code="z">Campus Box 1061</subfield>
         <subfield code="z">tel: +1 / 314-935-5563</subfield>
      </datafield>
      <datafield tag="551" ind1="1" ind2=" ">
         <subfield code="a">St. Louis, MO</subfield>
         <subfield code="0">places/9002</subfield>
      </datafield>
      <datafield tag="667" ind1=" " ind2=" ">
         <subfield code="a">Published sources: 16</subfield>
      </datafield>
   </record>