
   <record>
      <leader>00000nz  a2200000nc 4500</leader>
      <controlfield tag="001">institutions/51008361</controlfield>
      <controlfield tag="003">DE-633</controlfield>
      <controlfield tag="005">20250620052321.0</controlfield>
      <controlfield tag="008">241112||||z|||a|||||||||||||||||n||||||d</controlfield>
      <datafield tag="024" ind1="7" ind2=" ">
         <subfield code="a">US-SRObl</subfield>
         <subfield code="q">siglum</subfield>
         <subfield code="2">rism</subfield>
      </datafield>
      <datafield tag="034" ind1="1" ind2=" ">
         <subfield code="d">-80.04430685576534</subfield>
         <subfield code="f">41.06103626439278</subfield>
      </datafield>
      <datafield tag="040" ind1=" " ind2=" ">
         <subfield code="a">DE-633</subfield>
         <subfield code="b">ger</subfield>
         <subfield code="c">DE-633</subfield>
         <subfield code="e">rismg</subfield>
      </datafield>
      <datafield tag="043" ind1=" " ind2=" ">
         <subfield code="c">XD-US</subfield>
      </datafield>
      <datafield tag="110" ind1="1" ind2=" ">
         <subfield code="a">Slippery Rock University, Bailey Library</subfield>
         <subfield code="c">Slippery Rock, PA</subfield>
         <subfield code="g">US-SRObl</subfield>
      </datafield>
      <datafield tag="368" ind1=" " ind2=" ">
         <subfield code="a">Institution</subfield>
         <subfield code="a">Library</subfield>
      </datafield>
      <datafield tag="371" ind1=" " ind2=" ">
         <subfield code="a">104 Central Loop</subfield>
         <subfield code="b">Slippery Rock, PA</subfield>
         <subfield code="c">Pennsylvania</subfield>
         <subfield code="d">USA</subfield>
         <subfield code="e">16057</subfield>
         <subfield code="m">library-office@sru.edu</subfield>
         <subfield code="u">https://www.sru.edu/academics/bailey-library</subfield>
         <subfield code="z">tel: +1 / 7247382058</subfield>
      </datafield>
      <datafield tag="551" ind1="1" ind2=" ">
         <subfield code="a">Slippery Rock, PA</subfield>
         <subfield code="0">places/50021213</subfield>
      </datafield>
   </record>