
   <record>
      <leader>00000nz  a2200000nc 4500</leader>
      <controlfield tag="001">institutions/51008827</controlfield>
      <controlfield tag="003">DE-633</controlfield>
      <controlfield tag="005">20250620052325.0</controlfield>
      <controlfield tag="008">250610||||z|||a|||||||||||||||||n||||||d</controlfield>
      <datafield tag="024" ind1="7" ind2=" ">
         <subfield code="a">US-STMal</subfield>
         <subfield code="q">siglum</subfield>
         <subfield code="2">rism</subfield>
      </datafield>
      <datafield tag="034" ind1="1" ind2=" ">
         <subfield code="d">-86.81163264656554</subfield>
         <subfield code="f">38.16514120199623</subfield>
      </datafield>
      <datafield tag="040" ind1=" " ind2=" ">
         <subfield code="a">DE-633</subfield>
         <subfield code="b">ger</subfield>
         <subfield code="c">DE-633</subfield>
         <subfield code="e">rismg</subfield>
      </datafield>
      <datafield tag="043" ind1=" " ind2=" ">
         <subfield code="c">XD-US</subfield>
      </datafield>
      <datafield tag="110" ind1="1" ind2=" ">
         <subfield code="a">Saint Meinrad Archabbey Library</subfield>
         <subfield code="c">Saint Meinrad, IN</subfield>
         <subfield code="g">US-STMal</subfield>
      </datafield>
      <datafield tag="368" ind1=" " ind2=" ">
         <subfield code="a">Institution</subfield>
         <subfield code="a">Library</subfield>
      </datafield>
      <datafield tag="371" ind1=" " ind2=" ">
         <subfield code="a">200 Hill Drive</subfield>
         <subfield code="b">St. Meinrad, IN</subfield>
         <subfield code="c">Indiana</subfield>
         <subfield code="d">USA</subfield>
         <subfield code="e">47577</subfield>
         <subfield code="m">library@saintmeinrad.edu</subfield>
         <subfield code="u">https://www.saintmeinrad.edu/library/</subfield>
         <subfield code="z">tel: +1 / 800-987-7311</subfield>
         <subfield code="z">fax: +1 / 812-357-6398</subfield>
      </datafield>
      <datafield tag="551" ind1="1" ind2=" ">
         <subfield code="a">Saint Meinrad, IN</subfield>
         <subfield code="0">places/50021576</subfield>
      </datafield>
   </record>