
   <record>
      <leader>00000nz  a2200000nc 4500</leader>
      <controlfield tag="001">institutions/51008273</controlfield>
      <controlfield tag="003">DE-633</controlfield>
      <controlfield tag="005">20250620052321.0</controlfield>
      <controlfield tag="008">241002||||z|||a|||||||||||||||||n||||||d</controlfield>
      <datafield tag="024" ind1="7" ind2=" ">
         <subfield code="a">138133132</subfield>
         <subfield code="2">VIAF</subfield>
      </datafield>
      <datafield tag="024" ind1="7" ind2=" ">
         <subfield code="a">Q109855254</subfield>
         <subfield code="2">WKP</subfield>
      </datafield>
      <datafield tag="024" ind1="7" ind2=" ">
         <subfield code="a">US-STRucl</subfield>
         <subfield code="q">siglum</subfield>
         <subfield code="2">rism</subfield>
      </datafield>
      <datafield tag="034" ind1="1" ind2=" ">
         <subfield code="d">-72.25175734562336</subfield>
         <subfield code="f">41.80661604308252</subfield>
      </datafield>
      <datafield tag="040" ind1=" " ind2=" ">
         <subfield code="a">DE-633</subfield>
         <subfield code="c">DE-633</subfield>
         <subfield code="e">rismg</subfield>
      </datafield>
      <datafield tag="043" ind1=" " ind2=" ">
         <subfield code="c">XD-US</subfield>
      </datafield>
      <datafield tag="110" ind1="1" ind2=" ">
         <subfield code="a">University of Connecticut Library</subfield>
         <subfield code="c">Storrs, CT</subfield>
         <subfield code="g">US-STRucl</subfield>
      </datafield>
      <datafield tag="368" ind1=" " ind2=" ">
         <subfield code="a">Institution</subfield>
         <subfield code="a">Library</subfield>
      </datafield>
      <datafield tag="371" ind1=" " ind2=" ">
         <subfield code="a">369 Fairfield Way, Unit 1005</subfield>
         <subfield code="b">Storrs, CT</subfield>
         <subfield code="c">Connecticut</subfield>
         <subfield code="d">USA</subfield>
         <subfield code="e">06269-1005</subfield>
         <subfield code="u">https://lib.uconn.edu/</subfield>
         <subfield code="z">tel: +1 / (860) / 486-2518</subfield>
      </datafield>
      <datafield tag="410" ind1=" " ind2=" ">
         <subfield code="a">UConn Library</subfield>
      </datafield>
      <datafield tag="551" ind1="1" ind2=" ">
         <subfield code="a">Storrs, CT</subfield>
         <subfield code="0">places/3024293</subfield>
      </datafield>
   </record>