
   <record>
      <leader>00000nz  a2200000nc 4500</leader>
      <controlfield tag="001">institutions/51008537</controlfield>
      <controlfield tag="003">DE-633</controlfield>
      <controlfield tag="005">20250620052323.0</controlfield>
      <controlfield tag="008">250212||||z|||a|||||||||||||||||n||||||d</controlfield>
      <datafield tag="024" ind1="7" ind2=" ">
         <subfield code="a">155913911</subfield>
         <subfield code="2">VIAF</subfield>
      </datafield>
      <datafield tag="024" ind1="7" ind2=" ">
         <subfield code="a">US-SVasp</subfield>
         <subfield code="q">siglum</subfield>
         <subfield code="2">rism</subfield>
      </datafield>
      <datafield tag="034" ind1="1" ind2=" ">
         <subfield code="d">-88.78861174295925</subfield>
         <subfield code="f">33.45269780694559</subfield>
      </datafield>
      <datafield tag="040" ind1=" " ind2=" ">
         <subfield code="a">DE-633</subfield>
         <subfield code="b">ger</subfield>
         <subfield code="c">DE-633</subfield>
         <subfield code="e">rismg</subfield>
      </datafield>
      <datafield tag="043" ind1=" " ind2=" ">
         <subfield code="c">XD-US</subfield>
      </datafield>
      <datafield tag="110" ind1="1" ind2=" ">
         <subfield code="a">Mitchell Memorial Library, Archives and Special Collections</subfield>
         <subfield code="c">Starkville, MS</subfield>
         <subfield code="g">US-SVasp</subfield>
      </datafield>
      <datafield tag="368" ind1=" " ind2=" ">
         <subfield code="a">Institution</subfield>
         <subfield code="a">Library</subfield>
      </datafield>
      <datafield tag="371" ind1=" " ind2=" ">
         <subfield code="a">395 Hardy Rd</subfield>
         <subfield code="b">Starkville, MS</subfield>
         <subfield code="c">Mississippi</subfield>
         <subfield code="d">USA</subfield>
         <subfield code="e">39762</subfield>
         <subfield code="m">sp_coll@library.msstate.edu</subfield>
         <subfield code="u">https://www.library.msstate.edu/specialcollections</subfield>
         <subfield code="z">tel: +1 / 662 325-7679</subfield>
      </datafield>
      <datafield tag="510" ind1="2" ind2=" ">
         <subfield code="a">Mississippi State University, University Libraries</subfield>
         <subfield code="w">t</subfield>
      </datafield>
      <datafield tag="551" ind1="1" ind2=" ">
         <subfield code="a">Starkville, MS</subfield>
         <subfield code="0">places/50021346</subfield>
      </datafield>
   </record>