
   <record>
      <leader>00000nz  a2200000nc 4500</leader>
      <controlfield tag="001">institutions/51008720</controlfield>
      <controlfield tag="003">DE-633</controlfield>
      <controlfield tag="005">20250620052324.0</controlfield>
      <controlfield tag="008">250506||||z|||a|||||||||||||||||n||||||d</controlfield>
      <datafield tag="024" ind1="7" ind2=" ">
         <subfield code="a">US-Sspc</subfield>
         <subfield code="q">siglum</subfield>
         <subfield code="2">rism</subfield>
      </datafield>
      <datafield tag="034" ind1="1" ind2=" ">
         <subfield code="d">-122.31883218542616</subfield>
         <subfield code="f">47.60909476460797</subfield>
      </datafield>
      <datafield tag="040" ind1=" " ind2=" ">
         <subfield code="a">DE-633</subfield>
         <subfield code="b">ger</subfield>
         <subfield code="c">DE-633</subfield>
         <subfield code="e">rismg</subfield>
      </datafield>
      <datafield tag="043" ind1=" " ind2=" ">
         <subfield code="c">XD-US</subfield>
      </datafield>
      <datafield tag="110" ind1="1" ind2=" ">
         <subfield code="a">Seattle University, Lemieux Library Special Collections</subfield>
         <subfield code="c">Seattle, WA</subfield>
         <subfield code="g">US-Sspc</subfield>
      </datafield>
      <datafield tag="368" ind1=" " ind2=" ">
         <subfield code="a">Institution</subfield>
         <subfield code="a">Library</subfield>
      </datafield>
      <datafield tag="371" ind1=" " ind2=" ">
         <subfield code="a">Lemieux Library, 6th floor</subfield>
         <subfield code="a">901 12th Avenue</subfield>
         <subfield code="b">Seattle, WA</subfield>
         <subfield code="c">Washington</subfield>
         <subfield code="d">USA</subfield>
         <subfield code="e">98122</subfield>
         <subfield code="m">mlinden@seattleu.edu</subfield>
         <subfield code="u">https://library.seattleu.edu/collections/special-collections</subfield>
         <subfield code="z">tel: +1 / 206.296.6209</subfield>
         <subfield code="z">contact: Mary Linden Sepulveda</subfield>
      </datafield>
      <datafield tag="551" ind1="1" ind2=" ">
         <subfield code="a">Seattle, WA</subfield>
         <subfield code="0">places/3902866</subfield>
      </datafield>
   </record>