
   <record>
      <leader>00000nz  a2200000nc 4500</leader>
      <controlfield tag="001">institutions/30000306</controlfield>
      <controlfield tag="003">DE-633</controlfield>
      <controlfield tag="005">20250620051954.0</controlfield>
      <controlfield tag="008">161109||||z|||a|||||||||||||||||n||||||d</controlfield>
      <datafield tag="024" ind1="7" ind2=" ">
         <subfield code="a">US-U</subfield>
         <subfield code="q">siglum</subfield>
         <subfield code="2">rism</subfield>
      </datafield>
      <datafield tag="034" ind1="1" ind2=" ">
         <subfield code="d">-88.223036</subfield>
         <subfield code="f">40.106496</subfield>
      </datafield>
      <datafield tag="040" ind1=" " ind2=" ">
         <subfield code="a">DE-633</subfield>
         <subfield code="c">DE-633</subfield>
         <subfield code="e">rismg</subfield>
      </datafield>
      <datafield tag="043" ind1=" " ind2=" ">
         <subfield code="c">XD-US</subfield>
      </datafield>
      <datafield tag="110" ind1="1" ind2=" ">
         <subfield code="a">University of Illinois at Urbana-Champaign, Music and Performing Arts Library</subfield>
         <subfield code="c">Urbana, IL</subfield>
         <subfield code="g">US-U</subfield>
      </datafield>
      <datafield tag="368" ind1=" " ind2=" ">
         <subfield code="a">Institution</subfield>
         <subfield code="a">Library</subfield>
      </datafield>
      <datafield tag="371" ind1=" " ind2=" ">
         <subfield code="a">1300 Music Building, 1114 West Nevada Street</subfield>
         <subfield code="b">Urbana, IL 61801</subfield>
         <subfield code="c">Illinois</subfield>
         <subfield code="d">USA</subfield>
         <subfield code="m">mpal@library.illinois.edu</subfield>
         <subfield code="u">https://www.library.illinois.edu/mpal/</subfield>
         <subfield code="z">tel: +1 / 217-333-1173</subfield>
      </datafield>
      <datafield tag="551" ind1="1" ind2=" ">
         <subfield code="a">Urbana, IL</subfield>
         <subfield code="0">places/3902868</subfield>
      </datafield>
      <datafield tag="667" ind1=" " ind2=" ">
         <subfield code="a">Published sources: 1103</subfield>
      </datafield>
      <datafield tag="680" ind1="1" ind2=" ">
         <subfield code="a">Popular abbreviations of the institution: UIUC, MPAL; U of I</subfield>
      </datafield>
   </record>