
   <record>
      <leader>00000nz  a2200000nc 4500</leader>
      <controlfield tag="001">institutions/51008007</controlfield>
      <controlfield tag="003">DE-633</controlfield>
      <controlfield tag="005">20250620052319.0</controlfield>
      <controlfield tag="008">240605||||z|||a|||||||||||||||||n||||||d</controlfield>
      <datafield tag="024" ind1="7" ind2=" ">
         <subfield code="a">US-WLFhsse</subfield>
         <subfield code="q">siglum</subfield>
         <subfield code="2">rism</subfield>
      </datafield>
      <datafield tag="034" ind1="1" ind2=" ">
         <subfield code="d">-86.91325498808897</subfield>
         <subfield code="f">40.42496651677996</subfield>
      </datafield>
      <datafield tag="040" ind1=" " ind2=" ">
         <subfield code="a">DE-633</subfield>
         <subfield code="c">DE-633</subfield>
         <subfield code="e">rismg</subfield>
      </datafield>
      <datafield tag="043" ind1=" " ind2=" ">
         <subfield code="c">XD-US</subfield>
      </datafield>
      <datafield tag="110" ind1="1" ind2=" ">
         <subfield code="a">Purdue University - Humanities, Social Sciences and Education Library (HSSE)</subfield>
         <subfield code="c">West Lafayette, IN</subfield>
         <subfield code="g">US-WLFhsse</subfield>
      </datafield>
      <datafield tag="368" ind1=" " ind2=" ">
         <subfield code="a">Institution</subfield>
         <subfield code="a">Library</subfield>
      </datafield>
      <datafield tag="371" ind1=" " ind2=" ">
         <subfield code="a">Mailing address:</subfield>
         <subfield code="a">504 Mitch Daniels Blvd.</subfield>
         <subfield code="b">West Lafayette, IN</subfield>
         <subfield code="c">Indiana</subfield>
         <subfield code="d">USA</subfield>
         <subfield code="e">47907-2058</subfield>
         <subfield code="m">hsselib@purdue.edu</subfield>
         <subfield code="u">https://www.lib.purdue.edu/libraries/hsse</subfield>
         <subfield code="z">tel: +1 / (765) 494-2831</subfield>
      </datafield>
      <datafield tag="371" ind1=" " ind2=" ">
         <subfield code="a">Physical Address:</subfield>
         <subfield code="a">Stewart Center Room 135</subfield>
         <subfield code="a">128 Memorial Mall Dr.</subfield>
         <subfield code="b">West Lafayette, IN</subfield>
         <subfield code="c">Indiana</subfield>
         <subfield code="d">USA</subfield>
         <subfield code="e">47907</subfield>
      </datafield>
      <datafield tag="551" ind1="1" ind2=" ">
         <subfield code="a">West Lafayette, IN</subfield>
         <subfield code="0">places/50020275</subfield>
      </datafield>
   </record>