
   <record>
      <leader>00000nz  a2200000nc 4500</leader>
      <controlfield tag="001">institutions/51006538</controlfield>
      <controlfield tag="003">DE-633</controlfield>
      <controlfield tag="005">20250620052309.0</controlfield>
      <controlfield tag="008">220607||||z|||a|||||||||||||||||n||||||d</controlfield>
      <datafield tag="024" ind1="7" ind2=" ">
         <subfield code="a">4162236707413541364</subfield>
         <subfield code="2">VIAF</subfield>
      </datafield>
      <datafield tag="024" ind1="7" ind2=" ">
         <subfield code="a">Q49119</subfield>
         <subfield code="2">WKP</subfield>
      </datafield>
      <datafield tag="024" ind1="7" ind2=" ">
         <subfield code="a">US-WMuasp</subfield>
         <subfield code="q">siglum</subfield>
         <subfield code="2">rism</subfield>
      </datafield>
      <datafield tag="034" ind1="1" ind2=" ">
         <subfield code="d">-71.25815321919661</subfield>
         <subfield code="f">42.36793432851105</subfield>
      </datafield>
      <datafield tag="040" ind1=" " ind2=" ">
         <subfield code="a">DE-633</subfield>
         <subfield code="c">DE-633</subfield>
         <subfield code="e">rismg</subfield>
      </datafield>
      <datafield tag="043" ind1=" " ind2=" ">
         <subfield code="c">XD-US</subfield>
      </datafield>
      <datafield tag="110" ind1="1" ind2=" ">
         <subfield code="a">Brandeis University, Robert D. Farber University Archives and Special Collections</subfield>
         <subfield code="c">Waltham, MA</subfield>
         <subfield code="g">US-WMuasp</subfield>
      </datafield>
      <datafield tag="368" ind1=" " ind2=" ">
         <subfield code="a">Institution</subfield>
         <subfield code="a">Library</subfield>
         <subfield code="a">Archive</subfield>
      </datafield>
      <datafield tag="371" ind1=" " ind2=" ">
         <subfield code="a">Goldfarb Library</subfield>
         <subfield code="a">MS 045</subfield>
         <subfield code="a">Brandeis University</subfield>
         <subfield code="a">415 South Street</subfield>
         <subfield code="b">Waltham, MA 02453</subfield>
         <subfield code="c">Massachusetts</subfield>
         <subfield code="d">USA</subfield>
         <subfield code="m">ascdepartment@brandeis.edu</subfield>
         <subfield code="u">https://www.brandeis.edu/library/archives/about/index.html</subfield>
         <subfield code="z">tel: +1 / 781-736-4657</subfield>
      </datafield>
      <datafield tag="551" ind1="1" ind2=" ">
         <subfield code="a">Waltham, MA</subfield>
         <subfield code="0">places/3903521</subfield>
      </datafield>
   </record>