
   <record>
      <leader>00000nz  a2200000nc 4500</leader>
      <controlfield tag="001">institutions/51008288</controlfield>
      <controlfield tag="003">DE-633</controlfield>
      <controlfield tag="005">20250620052321.0</controlfield>
      <controlfield tag="008">241008||||z|||a|||||||||||||||||n||||||d</controlfield>
      <datafield tag="024" ind1="7" ind2=" ">
         <subfield code="a">US-WOau</subfield>
         <subfield code="q">siglum</subfield>
         <subfield code="2">rism</subfield>
      </datafield>
      <datafield tag="034" ind1="1" ind2=" ">
         <subfield code="d">-71.82918713536583</subfield>
         <subfield code="f">42.29225055840946</subfield>
      </datafield>
      <datafield tag="040" ind1=" " ind2=" ">
         <subfield code="a">DE-633</subfield>
         <subfield code="c">DE-633</subfield>
         <subfield code="e">rismg</subfield>
      </datafield>
      <datafield tag="043" ind1=" " ind2=" ">
         <subfield code="c">XD-US</subfield>
      </datafield>
      <datafield tag="110" ind1="1" ind2=" ">
         <subfield code="a">Assumption University, Emmanuel d'Alzon Library</subfield>
         <subfield code="c">Worcester, MA</subfield>
         <subfield code="g">US-WOau</subfield>
      </datafield>
      <datafield tag="368" ind1=" " ind2=" ">
         <subfield code="a">Institution</subfield>
         <subfield code="a">Library</subfield>
      </datafield>
      <datafield tag="371" ind1=" " ind2=" ">
         <subfield code="a">500 Salisbury Street</subfield>
         <subfield code="b">Worcester, MA</subfield>
         <subfield code="c">Massachusetts</subfield>
         <subfield code="d">USA</subfield>
         <subfield code="e">01609</subfield>
         <subfield code="m">library@assumption.edu</subfield>
         <subfield code="u">https://library.assumption.edu/dalzon/</subfield>
         <subfield code="z">tel: +1 / 508 767 7135</subfield>
      </datafield>
      <datafield tag="551" ind1="1" ind2=" ">
         <subfield code="a">Worcester, MA</subfield>
         <subfield code="0">places/3903522</subfield>
      </datafield>
   </record>