
   <record>
      <leader>00000nz  a2200000nc 4500</leader>
      <controlfield tag="001">institutions/51005617</controlfield>
      <controlfield tag="003">DE-633</controlfield>
      <controlfield tag="005">20250620052303.0</controlfield>
      <controlfield tag="008">210929||||z|||a|||||||||||||||||n||||||d</controlfield>
      <datafield tag="024" ind1="7" ind2=" ">
         <subfield code="a">232499182</subfield>
         <subfield code="2">VIAF</subfield>
      </datafield>
      <datafield tag="024" ind1="7" ind2=" ">
         <subfield code="a">US-WWw</subfield>
         <subfield code="q">siglum</subfield>
         <subfield code="2">rism</subfield>
      </datafield>
      <datafield tag="034" ind1="1" ind2=" ">
         <subfield code="d">-88.00721830754314</subfield>
         <subfield code="f">43.05171167910933</subfield>
      </datafield>
      <datafield tag="040" ind1=" " ind2=" ">
         <subfield code="a">DE-633</subfield>
         <subfield code="c">DE-633</subfield>
         <subfield code="e">rismg</subfield>
      </datafield>
      <datafield tag="043" ind1=" " ind2=" ">
         <subfield code="c">XD-US</subfield>
      </datafield>
      <datafield tag="110" ind1="1" ind2=" ">
         <subfield code="a">Ward Irish Music Archives</subfield>
         <subfield code="c">Wauwatosa, WI</subfield>
         <subfield code="g">US-WWw</subfield>
      </datafield>
      <datafield tag="368" ind1=" " ind2=" ">
         <subfield code="a">Institution</subfield>
         <subfield code="a">Library</subfield>
         <subfield code="a">Archive</subfield>
      </datafield>
      <datafield tag="371" ind1=" " ind2=" ">
         <subfield code="a">1532 N. Wauwatosa Ave.</subfield>
         <subfield code="b">Milwaukee, WI 53213</subfield>
         <subfield code="c">Wisconsin</subfield>
         <subfield code="d">USA</subfield>
         <subfield code="u">https://wardirishmusicarchives.com/</subfield>
         <subfield code="z">tel: +1 / 414-476-8999</subfield>
      </datafield>
      <datafield tag="551" ind1="1" ind2=" ">
         <subfield code="a">Wauwatosa, WI</subfield>
         <subfield code="0">places/50004446</subfield>
      </datafield>
   </record>