
   <record>
      <leader>00000nz  a2200000nc 4500</leader>
      <controlfield tag="001">institutions/51008724</controlfield>
      <controlfield tag="003">DE-633</controlfield>
      <controlfield tag="005">20250620052324.0</controlfield>
      <controlfield tag="008">250506||||z|||a|||||||||||||||||n||||||d</controlfield>
      <datafield tag="024" ind1="7" ind2=" ">
         <subfield code="a">US-Wfm</subfield>
         <subfield code="q">siglum</subfield>
         <subfield code="2">rism</subfield>
      </datafield>
      <datafield tag="034" ind1="1" ind2=" ">
         <subfield code="d">-76.98522010312237</subfield>
         <subfield code="f">38.937471526485915</subfield>
      </datafield>
      <datafield tag="040" ind1=" " ind2=" ">
         <subfield code="a">DE-633</subfield>
         <subfield code="b">ger</subfield>
         <subfield code="c">DE-633</subfield>
         <subfield code="e">rismg</subfield>
      </datafield>
      <datafield tag="043" ind1=" " ind2=" ">
         <subfield code="c">XD-US</subfield>
      </datafield>
      <datafield tag="110" ind1="1" ind2=" ">
         <subfield code="a">Franciscan Monastery of the Holy Land in America, Library</subfield>
         <subfield code="c">Washington, D.C.</subfield>
         <subfield code="g">US-Wfm</subfield>
      </datafield>
      <datafield tag="368" ind1=" " ind2=" ">
         <subfield code="a">Institution</subfield>
         <subfield code="a">Library</subfield>
      </datafield>
      <datafield tag="371" ind1=" " ind2=" ">
         <subfield code="a">1400 Quincy Street N.E.</subfield>
         <subfield code="b">Washington, D.C.</subfield>
         <subfield code="d">USA</subfield>
         <subfield code="e">20017</subfield>
         <subfield code="m">karen@myfranciscan.com</subfield>
         <subfield code="u">https://myfranciscan.org/visit/library/</subfield>
         <subfield code="z">contact: Karen L. Levenback, M.A., M.S.L.S., Ph.D.</subfield>
      </datafield>
      <datafield tag="551" ind1="1" ind2=" ">
         <subfield code="a">Washington, D.C.</subfield>
         <subfield code="0">places/3900949</subfield>
      </datafield>
   </record>