
   <record>
      <leader>00000nz  a2200000nc 4500</leader>
      <controlfield tag="001">institutions/51000147</controlfield>
      <controlfield tag="003">DE-633</controlfield>
      <controlfield tag="005">20250620052235.0</controlfield>
      <controlfield tag="008">170130||||z|||a|||||||||||||||||n||||||d</controlfield>
      <datafield tag="024" ind1="7" ind2=" ">
         <subfield code="a">140474400</subfield>
         <subfield code="2">VIAF</subfield>
      </datafield>
      <datafield tag="024" ind1="7" ind2=" ">
         <subfield code="a">US-Wnga</subfield>
         <subfield code="q">siglum</subfield>
         <subfield code="2">rism</subfield>
      </datafield>
      <datafield tag="034" ind1="1" ind2=" ">
         <subfield code="d">-77.019973</subfield>
         <subfield code="f">38.892092</subfield>
      </datafield>
      <datafield tag="040" ind1=" " ind2=" ">
         <subfield code="a">DE-633</subfield>
         <subfield code="c">DE-633</subfield>
         <subfield code="e">rismg</subfield>
      </datafield>
      <datafield tag="043" ind1=" " ind2=" ">
         <subfield code="c">XD-US</subfield>
      </datafield>
      <datafield tag="110" ind1="1" ind2=" ">
         <subfield code="a">National Gallery of Art Library</subfield>
         <subfield code="c">Washington, D.C.</subfield>
         <subfield code="g">US-Wnga</subfield>
      </datafield>
      <datafield tag="368" ind1=" " ind2=" ">
         <subfield code="a">Institution</subfield>
         <subfield code="a">Library</subfield>
      </datafield>
      <datafield tag="371" ind1=" " ind2=" ">
         <subfield code="a">Location:</subfield>
         <subfield code="a">National Gallery of Art East Building</subfield>
         <subfield code="a">4th Street and Pennsylvania Avenue NW</subfield>
         <subfield code="b">Washington, D.C.</subfield>
         <subfield code="c">District of Columbia</subfield>
         <subfield code="d">USA</subfield>
         <subfield code="u">http://www.nga.gov/content/ngaweb/research/library.html</subfield>
         <subfield code="u">http://www.nga.gov/content/ngaweb/research/library/rarebooks.html</subfield>
         <subfield code="z">tel: +1 / (202) 842-6511</subfield>
      </datafield>
      <datafield tag="371" ind1=" " ind2=" ">
         <subfield code="a">Mailing Address:</subfield>
         <subfield code="a">National Gallery of Art</subfield>
         <subfield code="a">2000B South Club Drive</subfield>
         <subfield code="b">Landover, MD 20785</subfield>
         <subfield code="c">Maryland</subfield>
         <subfield code="d">USA</subfield>
      </datafield>
      <datafield tag="551" ind1="1" ind2=" ">
         <subfield code="a">Washington, D.C.</subfield>
         <subfield code="0">places/3900949</subfield>
      </datafield>
   </record>